2664 4746
168 269 211 344 56
485 338 487 342 ,
541 260 738 359 Gentianam.
782 267 862 335 Juss.

259 431 347 525 Quae
365 428 481 493 familia
497 432 534 491 in
554 451 676 515 quaque
693 427 793 494 florae
816 433 939 514 alpinae
961 428 1124 514 provincia
1144 447 1236 510 prae·

172 520 265 602 cipue
286 534 561 600 repraesentetur,
595 518 809 599 inposterum
833 521 1008 582 accuratius
1024 518 1237 578 determinan-

172 608 247 667 dum
262 607 417 691 relinquo,
442 627 627 690 quamquam
641 606 701 686 jam
720 606 832 667 dehac
850 629 885 667 re
899 608 1000 690 aliqua
1017 604 1141 686 collegi.
1176 608 1238 664 Ne.

172 714 345 778 querere,
381 693 503 755 etiamsi
522 693 702 777 quotientes
723 693 911 756 familiarum
934 709 995 756 tam
1018 691 1138 753 diversi
1153 705 1235 761 sunt,

172 781 287 842 desunt
314 795 442 862 praeter
470 780 740 862 physiognomiam
767 779 1162 847 communemnonnullae
1186 801 1239 837 ra-

172 868 278 928 tiones
300 867 479 928 numericae
497 888 695 928 communes:
727 875 797 928 nam
814 869 950 950 primum
969 868 1006 928 ab
1023 867 1168 928 omnibus
1184 886 1238 928 ce·

171 955 252 1019 teris
276 952 364 1018 floris
389 955 524 1015 arcticac
548 970 580 1015 et
609 955 732 1034 alpinae
759 977 891 1017 numero
914 976 1012 1038 parvo
1038 953 1238 1024 familiarum,

171 1054 305 1102 numero
323 1062 438 1123 magno
453 1040 582 1120 cujusve
603 1041 740 1101 familiae
759 1043 958 1123 specierum,
988 1063 1066 1125 quos
1088 1040 1238 1110 factores,
1310 1119 1314 1127 ἢ

172 1149 235 1213 quo
255 1129 354 1208 magis
378 1149 489 1188 versus
516 1131 726 1212 Aequatorem
755 1131 927 1211 procedas,
958 1131 1088 1210 exlege
1114 1127 1239 1211 aequali

173 1216 287 1277 mutari
302 1234 430 1287 censeo,
453 1215 539 1274 illum
553 1216 671 1297 augeri,
695 1216 777 1278 hunc
792 1217 944 1292 deminui,
968 1217 1040 1276 dum
1059 1215 1240 1296 specierum

172 1316 206 1364 et
219 1300 453 1362 individuorum
469 1324 632 1362 numerum
648 1319 759 1363 versus
783 1304 992 1388 Aequatorem
1008 1303 1129 1384 augeri,
1153 1300 1240 1384 quod

118 1388 121 1394 ‘
171 1387 316 1450 defendit
342 1390 380 1448 cl.
404 1395 517 1470 llllcyen
541 1387 902 1472 (Pflenzengeographie
924 1413 994 1474 pag.
1018 1392 1114 1464 306),
1144 1403 1178 1448 ut
1193 1390 1240 1448 le-

172 1497 245 1560 gem
261 1497 321 1556 per
336 1477 513 1540 universum
538 1479 690 1537 ferrarbm
709 1479 819 1537 orbem
842 1477 974 1538 validam
995 1497 1128 1557 prorsus
1143 1475 1242 1535 dene-

171 1563 323 1647 gaverim.
376 1565 532 1624 Numerus
555 1563 745 1624 familiarum
771 1566 802 1624 in
826 1563 904 1626 flora
931 1566 1112 1648 Lapponica
1134 1559 1240 1645 alpina

174 1665 222 1712 est
243 1674 287 1707 =
309 1654 371 1726 443'
420 1672 568 1711 numerus
595 1653 700 1734 itaque
739 1672 809 1712 cum
840 1651 1007 1734 speciebus
1039 1667 1241 1732 comparatus

160 1739 243 1812 ¹fere
260 1746 296 1813 ’ῖς
320 1737 457 1799 familiae
476 1739 506 1797 in
526 1736 605 1798 flora
626 1739 729 1820 alpina
757 1759 824 1799 mea
842 1763 886 1794 ::
904 1746 965 1808 70,
995 1759 1145 1798 numerus
1167 1757 1240 1797 cum

173 1824 340 1906 speciebus
359 1839 556 1908 comparatus
570 1825 639 1887 fere
655 1836 712 1903 203
736 1863 778 1874 -
801 1827 833 1885 in
851 1824 931 1886 flora
943 1825 1059 1886 scotica
1077 1824 1179 1905 alpina
1194 1825 1241 1884 fa-

173 1911 279 1972 miliae
302 1935 345 1965 =
368 1916 426 1976 99,
462 1933 610 1971 numerus
634 1933 704 1973 eum
726 1913 895 1994 speciebus
918 1928 1116 1993 comparatus
1137 1918 1156 1976 5
1177 1926 1239 1972 etc.

172 2001 242 2062 Jam
256 2017 334 2081 vero
350 2000 400 2056 rix
413 1995 493 2058 flora
513 1994 600 2059 extra
615 2012 734 2059 tractus
755 2000 876 2083 alpinos
893 2013 925 2059 et
938 1999 1074 2060 arcticos
1097 1999 1239 2078 reperiri

174 2098 297 2169 potest,
332 2085 363 2142 iu
386 2107 444 2166 qua
467 2106 528 2143 nou
551 2088 629 2144 ultra
650 2094 692 2152 70
714 2086 850 2146 familiae
866 2087 1045 2146 obveniant.
1070 2123 1112 2135 -
1136 2087 1241 2168 Major

174 2171 248 2232 dein
265 2173 406 2251 analogia
422 2171 572 2230 statistica
591 2173 675 2231 inter
695 2171 789 2232 floras
804 2174 924 2253 alpinas
941 2171 1102 2255 procedit,
1139 2173 1164 2231 si
1189 2194 1241 2233 ve-

174 2258 358 2342 getabilium
375 2258 573 2320 durationem
598 2260 759 2320 relativam
785 2260 1039 2320 consideramus:
1071 2276 1132 2322 tam
1146 2258 1242 2322 brevi

173 2361 308 2421 aestate,
341 2367 432 2428 quam
450 2347 480 2405 iu
500 2344 590 2406 floris
609 2348 737 2427 alpinis,
772 2346 824 2407 vix
847 2347 910 2407 nisi
933 2347 1058 2428 species
1082 2368 1240 2428 perennes

98 2512 101 2518 ι
175 2432 285 2516 rigere
304 2449 455 2515 possunt,
480 2447 589 2494 contra
613 2435 820 2516 paucissimae
839 2434 971 2494 arbores
989 2433 1101 2493 hiemis
1117 2434 1242 2517 frigora

173 2522 291 2582 ferunt.
337 2523 443 2604 ltaque
464 2544 542 2583 zona
566 2523 679 2583 arctica
697 2537 728 2583 et
753 2536 870 2582 tractus
888 2522 1004 2603 alpium
1020 2522 1171 2602 plurimas
1185 2543 1241 2603 pe-

87 2674 89 2678 ,
173 2629 290 2670 rennes
310 2609 434 2688 species
448 2608 615 2690 praebent,
642 2622 812 2689 temperata
830 2609 943 2668 multas
958 2629 1091 2679 annuas,
1116 2610 1241 2688 tropica

174 2696 325 2778 plurimas
343 2694 602 2755 arboresccntes:
628 2716 654 2754 c.
671 2717 697 2756 c.
713 2696 744 2754 in
761 2694 839 2755 flora
856 2716 924 2754 mea
938 2694 1041 2775 alpina
1055 2695 1139 2754 inter
1157 2703 1241 2760 1.th

175 2783 300 2864 species
318 2795 435 2842 latrium
456 2790 495 2846 fli
519 2782 642 2862 speeies
659 2803 778 2842 annuae
796 2796 828 2842 ct
845 2788 885 2846 10
901 2781 1033 2841 arbores
1054 2798 1157 2868 sunt..
1177 2804 1242 2843 onr-

174 2891 231 2930 nes
249 2884 376 2932 ceterae
393 2888 551 2948 perennes
568 2885 619 2930 aut
638 2869 756 2928 licrbae
777 2882 829 2928 aut
849 2867 1080 2945 frutescentes3
1112 2869 1144 2927 in
1161 2866 1242 2928 flora
1263 2914 1265 2921 .

174 2957 423 3038 Regiomontaua
449 2976 487 3016 cx
510 2955 575 3014 obs.
595 2955 633 3015 cl.
649 2959 725 3016 Ern.
743 2961 852 3036 Meyer
865 2956 899 3034 (l.
915 2959 958 3032 c.)
974 2956 1057 3015 inter
1074 2963 1154 3021 fOfib
1170 2977 1241 3036 spe-

174 3044 241 3105 eies
258 3050 320 3109 305
339 3043 462 3124 species
477 3064 596 3102 ammae
614 3044 633 3102 l.
654 3043 797 3114 biennes,
821 3049 861 3108 25
879 3042 1022 3117 arbores,
1046 3048 1109 3109 664
1121 3042 1242 3102 herbae

174 3128 580 3212 per·ennes,s7‘2'fr·utices
610 3131 629 3188 l.
653 3129 844 3190 sufliutices.
892 3131 1022 3191 Constat
1056 3145 1174 3199 autem,
1208 3130 1242 3188 in

176 3217 308 3298 tropicis
328 3217 505 3297 specierum
530 3218 678 3277 arbormn
697 3237 860 3277 numerum
882 3231 1057 3277 ceterarum
1075 3238 1242 3277 numerum

175 3324 395 3384 nonnunquam
418 3304 585 3364 excedere.

201 3441 204 3444 ⁴
261 3389 381 3453 Difl'crt
401 3391 433 3448 in
450 3391 642 3452 universum¹
655 3388 733 3450 flora
753 3390 855 3471 alpina
874 3413 889 3449 a
912 3387 989 3450 flora
1009 3393 1158 3471 Europae
1175 3412 1242 3450 me-

175 3478 246 3541 diae
278 3479 312 3555 1)
332 3473 553 3538 deficientibus
574 3477 761 3548 lllalvaccis,
793 3475 1047 3558 Lytbrariaccis,
1080 3477 1241 3550 Aroitleis,

176 3564 416 3644 Aniaryllideis,
441 3563 693 3634 Aristolocbieis,
718 3565 914 3634 Portulaeeis
928 3579 1005 3641 ete.;
1031 3565 1242 3647 omnibusque

174 3652 301 3716 familiis
317 3652 488 3735 aquaticis;
523 3654 557 3730 2)
572 3651 733 3710 diminutis
752 3652 908 3723 Labiatis,
933 3652 1154 3721 Graminibus,
1178 3655 1242 3712 Eu-

176 3733 389 3824 phorbiaeeis,
414 3738 647 3819 Chenopodcis,
672 3739 878 3820 Boragineis3
908 3741 943 3810 3)
959 3740 1058 3800 auctis
1076 3741 1249 3821 Composb

176 3830 227 3898 tis,
252 3823 459 3906 Saxifrageis,
484 3826 638 3903 Alsincis,
663 3844 727 3889 turn
739 3824 966 3897 Primulaceis,
990 3828 1242 3888 llanunculaceis

176 3931 207 3979 et
221 3913 486 3996 Campanulaceis.

263 3999 520 4064 Gentiancac.
574 4001 731 4147 (puratum
749 3999 874 4062 confert
889 3998 1006 4061 familia
1028 4000 1059 4059 in
1081 4001 1242 4064 characte-

174 4109 243 4150 rem
260 4086 553 4170 physiognomicum
573 4086 584 4146 f
599 4108 673 4148 orae
689 4089 829 4172 alpinae,
853 4100 955 4173 tamen
974 4101 1092 4149 tantum
1117 4089 1146 4148 in
1163 4091 1242 4170 alpi-

174 4176 235 4245 bus
259 4175 448 4244 Germaniae
472 4188 504 4240 et
522 4174 689 4245 Helvetiae
711 4175 838 4247 familiis
864 4176 1120 4268 praevalentibus
1143 4175 1242 4246 atinus
