2664 4746
450 280 689 348 Gentianeorum
714 281 898 366 affinitates.
1161 291 1203 358 21

142 445 344 516 dehiscente,
373 447 562 523 connectivo
581 468 688 509 crasso
706 446 842 510 interno.
900 447 1051 509 Ovariurn
1070 449 1100 521 1,
1124 468 1207 508 mar·

141 531 268 617 ginibus
292 534 426 616 integris
448 531 640 595 introssexis·
656 535 740 596 intus
763 534 913 595 discretis
935 535 1014 594 semi
1040 534 1204 599 4loculare

142 618 260 690 (erulis
277 619 450 691 indefinitis
467 621 577 697 Dein).
623 621 726 702 Stylus
742 626 777 696 1,
807 640 877 681 cum
896 621 1202 682 orario-continuus.

141 707 258 790 Stigma
279 706 494 789 capitulatum,
525 706 738 770 subbilobum.
789 707 1009 787 Pericarpium
1029 708 1202 790 capsulare,

140 795 279 875 septi-
299 809 331 856 et
351 794 564 857 loculicidum.
618 796 762 866 Semina,
795 793 991 876 marginibus
1010 794 1203 855 valvularum

139 877 317 941 introssexis
333 878 446 954 affixa,
480 880 724 954 adscendentis,
759 882 791 941 in
815 902 938 964 quaque
955 879 1097 960 placenta
1109 880 1202 957 bina,¹

138 967 267 1050 oblique
284 968 507 1050 conglutinata.
538 967 720 1031 seminum
748 982 903 1031 structura
925 981 1005 1027 auct.
1025 968 1097 1027 Dou
1115 968 1204 1029 utin

139 1054 336 1116 Gentianeis.
364 1092 407 1102 --
441 1056 569 1116 Herbac
601 1053 876 1125 suffrutescentcs,
912 1053 1001 1114 soliis
1033 1053 1200 1134 oppositis,

138 1139 394 1213 decurrentibus,
419 1136 635 1223 exustipulatis,
660 1142 806 1224 integris,
831 1140 1049 1223 integerrimis
1064 1139 1084 1198 l.
1101 1160 1203 1200 serra.

137 1229 188 1296 tis,
211 1227 331 1311 glabris
345 1228 363 1286 l.
382 1226 492 1290 subtus
508 1228 659 1299 sericeis,
690 1226 928 1290 inssorcscentia
942 1225 1118 1299 terminali,
1150 1245 1201 1285 co-

136 1315 217 1375 rolla
237 1329 336 1383 rotata
360 1312 457 1393 ssava3
489 1315 614 1381 habitus
637 1315 816 1378 Chironiae.
861 1349 905 1362 —
948 1317 1021 1374 Huc
1043 1311 1201 1373 Columel-

133 1403 184 1463 lia·
208 1403 247 1460 R.
267 1403 304 1461 Ρ..
326 1436 370 1448 -
594 1394 598 1401 ’

221 1490 256 1564 3)
287 1489 671 1571 Scrophularineac.
728 1487 914 1551 Gentiaucis
945 1501 979 1547 ut
1007 1507 1045 1545 cx
1074 1499 1201 1567 vegete-

135 1577 238 1644 tione,
274 1576 370 1636 itaer
393 1574 628 1656 reproductivis
643 1576 771 1658 organis
786 1575 951 1657 proximae
973 1588 1060 1632 sunt:
1090 1573 1200 1652 paucis

134 1663 210 1724 folia
235 1662 363 1723 alterna.
417 1667 544 1725 Genera
564 1663 684 1723 corolla
703 1659 906 1742 subregulari
929 1658 1095 1728 instructa,
1127 1677 1203 1719 con·

133 1749 265 1811 veniunt
278 1748 426 1828 inprimis
445 1751 552 1828 calyce
570 1748 772 1828 persistente,
797 1744 922 1818 corolla¹
934 1742 1132 1826 monopetala
1143 1744 1199 1824 hy„

134 1856 269 1916 pogyna,
280 1881 282 1887 ,
294 1833 481 1894 staminibus
501 1832 668 1913 epipetalis
687 1833 825 1893 corollae
846 1831 976 1912 alternis
992 1847 1025 1892 ct
1038 1830 1199 1903 isemeris,

135 1919 284 2000 carpellis
311 1917 434 1978 duobus
462 1939 532 1978 cum
556 1919 635 1998 stylo
658 1918 831 1989 continuis,
863 1917 1013 1978 semirum
1040 1931 1197 1981 structura

136 2022 168 2066 et
185 2023 317 2063 numero
338 2001 521 2076 indefinito,
551 2003 696 2067 omnihus
718 2016 821 2087 porro‘
843 2002 1078 2065 characteribus
1098 2023 1197 2087 vege·
1226 2021 1227 2024 ’

86 2155 88 2159 ,
138 2089 242 2151 tativis
259 2105 290 2150 et
302 2087 410 2152 habitu
425 2111 656 2190 nonnunquam.
688 2094 723 2152 Iu
738 2090 961 2155 dissertatione
981 2089 1194 2166 characteres,

137 2197 216 2259 quos
233 2176 270 2239 cl
286 2164 327 2236 dc
346 2176 478 2238 Martius
500 2175 591 2255 (nov.
579 2198 673 2260 .gen.
694 2180 754 2241 vol
772 2179 808 2256 2)
826 2177 1011 2259 proposuit,
1041 2175 1197 2244 distincti-

135 2284 192 2323 vos
213 2262 385 2323 examinavi
410 2282 471 2323 nec
492 2262 587 2345 potui
599 2265 690 2346 quin·
681 2263 732 2323 -ah
756 2263 825 2344 ejus
844 2263 967 2326 theoria
989 2262 1193 2326 rzecederem

133 2370 228 2433 quum
253 2349 286 2408 ιἰι
309 2349 495 2411 Gentiaucis
519 2351 658 2412 valvulae
688 2365 719 2411 ct
747 2351 912 2413 verticales
937 2371 961 2408 s.
990 2363 1098 2412 eontra
1122 2352 1207 2425 axio,
1240 2382 1241 2386 ¹

133 2435 289 2496 caulinum
305 2435 429 2516 positae
440 2452 474 2498 et
488 2436 635 2498 laterales
652 2459 675 2497 s·
695 2436 865 2516 parallelae
882 2436 1064 2515 promiscue
1084 2457 1194 2497 occur.

133 2537 222 2587 runt:
254 2544 281 2582 e.
304 2541 330 2582 c.
353 2522 388 2582 in
408 2522 583 2604 Erythraea
604 2521 807 2584 Centaurium
827 2523 918 2583 Pers.
946 2522 1089 2583 laterales
1109 2538 1191 2598 sunt,

131 2626 165 2670 ut
179 2609 212 2668 in
230 2608 550 2709 scrophularineis,
542 2631 575 2669 ιιι
591 2608 791 2688 Lisyantheis
805 2607 980 2693 plerisque,
1005 2629 1081 2692 quas
1097 2610 1136 2670 cl
1151 2608 1194 2671 de

131 2697 263 2757 Mattius
284 2695 431 2778 inprimis
456 2696 703 2765 examinaverat,
733 2695 918 2767 venientes,
950 2710 980 2757 at
1000 2716 1078 2756 vero
1097 2696 1190 2758 etiam

130 2803 194 2843 non
214 2796 329 2843 tantum
349 2783 382 2842 in
400 2783 509 2844 eadem
528 2783 647 2866 specie,
670 2803 780 2844 verum
797 2782 830 2842 in
848 2780 961 2843 eodem
974 2781 1062 2843 caule
1076 2777 1192 2863 duplex

132 2869 196 2930 ille
202 2869 280 2930 situs
293 2870 458 2932 observari
476 2885 596 2951 potest,
618 2892 646 2932 ιι
663 2890 690 2930 c.
703 2869 737 2928 in
753 2868 908 2932 Gentiana
922 2867 1119 2950 asclepiadea
1134 2872 1190 2930 L

131 2955 214 3036 quod
231 2976 270 3015 eo
285 2955 385 3038 magis
403 2953 556 3031 offendit,
577 2978 671 3039 quum
689 2956 721 3016 in
736 2955 806 3015 aliis
823 2954 952 3015 familiis
969 2955 1063 3016 situm
1079 2957 1192 3038 organi
1247 3012 1250 3019 ,

130 3041 262 3102 feminei
277 3040 352 3100 situi
371 3041 549 3122 sepulerum
569 3040 962 3124 respondererideamus,
991 3055 1025 3102 ut
1039 3041 1192 3125 iuLegu.

130 3127 279 3199 minoris:¹
307 3126 415 3186 forsan
435 3127 504 3188 talis
524 3148 641 3201 nexus,
673 3145 706 3190 ut
722 3143 828 3190 certus
843 3128 936 3190 estin
953 3127 1084 3209 plantis,
1117 3151 1189 3212 qua-

130 3235 201 3274 rum
215 3212 354 3294 carpello
368 3228 422 3275 aut
438 3233 569 3273 numero
589 3213 767 3294 sepalorum
780 3215 922 3298 aequalia
938 3233 975 3275 ac
988 3229 1053 3277 tum
1067 3215 1188 3278 alterna

130 3301 210 3382 ipsis
231 3315 316 3371 sunt,
347 3314 398 3361 aut
421 3299 452 3359 ιιι
475 3299 649 3361 solitarium
672 3299 880 3375 reducuntur,
914 3301 956 3363 ita
976 3303 1136 3364 evanescit
1153 3303 1187 3363 in

128 3386 248 3450 orariis
267 3407 307 3447 ex
330 3384 452 3446 duobus
475 3387 622 3469 carpellis
643 3387 842 3467 compositis,
864 3387 976 3472 ‘itaque
997 3387 1025 3447 si
1047 3406 1116 3447 cum
1139 3409 1188 3450 se-

129 3474 211 3555 palis
226 3488 445 3554 comparantur
459 3474 656 3536 anisomeris.
702 3477 771 3535 Jam
789 3493 866 3536 vero
882 3473 1071 3545 discrimen,
1101 3476 1187 3558 quod

130 3563 164 3620 ιιι
183 3558 351 3641 speciebus
363 3561 556 3641 pentameris
574 3560 724 3622 sufficere
738 3559 873 3630 videtur,
896 3563 980 3622 inter
994 3561 1185 3625 Gentianeas

130 3645 476 3730 Scrophularineasque
491 3647 661 3711 intercedit
675 3669 728 3711 ‘ex
753 3645 852 3728 sepeli
867 3648 1093 3730 quinticontra
1113 3651 1185 3710 axin

130 3735 193 3796 situ
208 3732 416 3812 desumptum,
440 3731 526 3834 quod
541 3734 574 3793 ιιι
586 3734 661 3807 illis,
684 3749 719 3796 ut
730 3732 792 3813 jam
805 3735 982 3834 expositum
994 3748 1052 3808 cst,
1074 3736 1184 3809 imum,

130 3822 163 3880 ιιι
180 3819 230 3880 his
246 3838 399 3879 summum
413 3834 473 3894 est,
496 3819 538 3882 ita
550 3821 629 3883 utin
644 3800 707 3881 illia
722 3819 842 3880 caulis
833 3820 1033 3883 interstitium
1050 3820 1183 3882 duorum

130 3906 331 3989 superiorum
348 3907 525 3988 sepalorum
540 3921 691 4008 occupet,
724 3906 757 3966 ιιι
779 3899 830 3967 his
851 3927 972 3969 summo
989 3922 1181 3990 opponatur.

129 3993 223 4054 facile
240 4010 341 4055 autern
357 3992 560 4090 intelligitur,
590 3994 624 4054 ιιι
646 3991 727 4054 llore
747 4007 915 4056 tetramero
931 3992 992 4056 huc
1010 3989 1181 4059 discrimen

130 4095 336 4142 evanescere:
359 4100 472 4140 name.
489 4100 516 4141 c.
533 4076 565 4140 in
581 4079 730 4141 Cicendia
748 4080 882 4162 pusilla
873 4102 967 4142 rmum
990 4077 1117 4162 quidem
1133 4104 1180 4145 se

128 4167 234 4253 palum
253 4165 304 4231 uxi
324 4166 516 4249 respondet,
547 4166 724 4239 sedetiam.
739 4189 892 4230 summum
914 4167 976 4253 ipsi
999 4169 1179 4252 oppositum
