2664 4746
179 268 202 336 ο
549 254 756 333 'Gmticneue
784 259 867 328 Jusr.

178 419 342 487 Nodorum
359 416 416 482 lus
435 433 514 505 puto
530 426 657 508 exstare
676 418 880 484 differentias·
891 421 1026 486 maxime
1046 422 1242 499 essentiales,

180 510 293 597 quihus
313 508 501 570 familiarum
519 509 879 571 circumscriberiderum
898 528 990 572 eausa
1009 510 1055 571 nti
1072 512 1201 575 licebitt

266 596 300 676 1)
322 595 439 658 Fibrae
454 610 506 658 eut
519 616 559 658 ex
574 609 642 660 toto
657 596 755 658 caulis
771 597 889 659 ambitu
903 596 942 658 ad
956 596 1066 659 folium
1083 599 1134 660 vel
1151 600 1247 661 folie-

178 706 249 749 rum
262 683 454 748 verticillum
465 682 646 766 procedunt
661 683 775 765 (nodus
784 681 920 767 integer:
925 678 1048 768 folium
1062 682 1248 769 vaginam),

178 787 232 836 eut
246 793 285 835 ex
300 792 375 834 arou
392 771 489 832 caulis
506 769 620 850 (nodus
632 766 796 854 partialis:
807 763 931 851 folium
944 769 1120 853 intertum).
1156 774 1249 871 Quae·

180 854 360 923 differentia
378 879 417 920 ex
436 857 578 921 sectione
596 857 673 920 nodi
690 857 880 920 horizontali
900 871 995 941 petet.
1187 870 1190 875 '

180 977 184 984 ·
265 942 431 1029 2)'Fibrae
447 944 577 1007 foliures
592 961 643 1008 aut
656 965 717 1028 per
730 959 830 1026 totum
847 944 1061 1008 internodium
1075 967 1115 1009 ex
1127 948 1248 1012 ¹annulo

180 1048 275 1123 quem
299 1032 399 1098 fibrae
425 1033 564 1095 formant
588 1033 712 1116 saepius
735 1032 916 1115 interrupto
940 1034 1056 1096 sensim
1081 1034 1249 1127 solvuntur

180 1121 294 1204 (nodus
303 1120 495 1199 documenti,
510 1133 562 1182 aut
574 1119 723 1182 librarum
738 1141 776 1182 ex
790 1121 905 1182 annulo
920 1141 1066 1182 secessus
1078 1121 1111 1182 in
1124 1144 1248 1187 summo

178 1207 360 1273 internodio
374 1204 410 1268 lit
423 1205 537 1284 (nodus
547 1200 754 1286 articularis)ss
786 1209 962 1294 Utrumque
976 1208 1131 1287 nodorum
1146 1232 1247 1293 genus

76 1353 78 1361 .
177 1289 290 1360 formis
303 1294 416 1356 mediis
428 1295 580 1378 jungitur.
612 1294 696 1356 Nodi
711 1294 912 1357 decurrentis
926 1313 997 1360 sunt
1010 1297 1135 1379 species
1149 1298 1247 1362 ducet

149 1426 152 1431 ·
177 1406 249 1449 nam
274 1396 327 1445 aut
353 1382 415 1462 jam
439 1381 473 1441 in
498 1381 645 1443 inferiori
674 1382 846 1444 internodii
872 1398 964 1467 parte
988 1381 1089 1446 fibrae
1114 1386 1247 1448 follares
1306 1412 1311 1423 ¹

178 1472 298 1537 aliaeve
327 1468 364 1529 ab
394 1469 508 1530 annulo
538 1484 725 1552 separantur
753 1485 846 1554 atque
873 1471 1021 1532 annulum
1050 1474 1245 1536 exteriorem

179 1558 270 1622 valde
287 1557 498 1639 interruptum
514 1556 652 1618 formant
668 1556 720 1618 vel
739 1557 960 1618 subsolitariae
980 1560 1170 1637 decurrunt,
1194 1574 1248 1625 aut

177 1661 295 1710 tantum
319 1664 359 1705 ex
381 1644 609 1708 annuloextus
634 1645 816 1727 prominent
839 1664 900 1706 nee
923 1646 984 1705 nisi
1007 1647 1040 1706 in
1064 1647 1134 1730 ipso
1157 1648 1245 1709 nodo·

177 1735 271 1817 plane
288 1731 500 1794 absolvuntur.
548 1732 637 1827 Quae
654 1732 758 1794 omnia
773 1733 966 1795 sectionibus
981 1733 1157 1797 internodii
1170 1752 1243 1798 ter-

181 1818 326 1884 ticalibus
343 1815 504 1900 patefiunt.
938 1818 941 1823 ’
1099 1814 1113 1855 .:

167 1918 174 1933 '
250 1904 374 1968 Nudus
392 1906 573 1988 neutiquam
591 1927 652 1988 per
669 1902 856 1989 morphosin
872 1926 942 1968 eunt
958 1908 1175 1974 articulatione
1193 1929 1244 1970 or.

180 2014 333 2081 generum
359 1992 579 2075 conjungitur,
614 1993 676 2054 nisi
702 1994 787 2076 quod
813 1997 845 2055 in
872 1995 956 2057 nodo
982 1996 1144 2059 articulati
1166 1995 1244 2058 folia

177 2096 327 2169 quantum
345 2078 412 2140 scio
430 2098 559 2160 semper
571 2080 790 2142 articulatione
805 2080 930 2142 demum
946 2098 1140 2165 separantur.
1186 2085 1245 2145 Ar.

176 2170 319 2233 ticulatio
342 2185 420 2228 vero
448 2165 555 2226 indole
579 2167 736 2228 nodorum
758 2168 856 2230 multo
877 2169 1047 2233 obscurior
1069 2185 1133 2233 est:
1163 2171 1261 2233 hund=

177 2257 262 2322 enim
289 2267 398 2338 potest
424 2253 586 2336 praedici,
620 2268 724 2315 utrum
750 2253 826 2315 solia
853 2257 979 2318 evoluta
1010 2256 1135 2319 demum
1167 2280 1246 2320 mar-

153 2359 320 2416 cessant,
345 2363 384 2403 an
406 2342 626 2402 articulatione
651 2344 829 2419 solvantur,
853 2364 1039 2429 quamquam
1063 2343 1178 2407 nodum
1198 2345 1246 2407 in·

177 2449 300 2516 tegrum
321 2429 496 2492 articulatio
518 2429 680 2491 rarissime
698 2431 858 2515 sequitur,
882 2445 916 2492 ut
934 2432 966 2492 iu
987 2432 1173 2518 quibusdam
1193 2434 1246 2494 Li-

179 2519 346 2604 syantheis.
391 2520 503 2602 Neque
519 2517 597 2578 aliae
612 2517 849 2578 articulationes
865 2539 891 2578 e.
909 2539 936 2580 c.
952 2520 1040 2602 styli,
1064 2522 1243 2596 staminum,

174 2609 298 2675 fructus
312 2603 517 2679 dehiscentia,
535 2620 698 2688 antequam
712 2626 785 2666 uasa
800 2605 960 2680 secedunt,
977 2608 1042 2669 ullo
1060 2608 1244 2671 charactere

175 2693 351 2762 anatomico
376 2690 572 2753 indicantur:
603 2693 646 2753 ita
669 2686 766 2775 stylus
794 2708 928 2777 quatuor
948 2695 1093 2777 priorum
1116 2712 1244 2759 nostrae
1326 2733 1329 2741 ,

175 2781 314 2849 familiae
341 2776 497 2851 tribuum,
532 2778 657 2839 demum
687 2780 907 2842 articulatione
935 2780 1106 2856 deciduus,
1138 2785 1245 2866 junior

175 2888 275 2957 aeque
293 2886 363 2927 cum
378 2862 487 2927 orario
502 2867 670 2926 continuus
683 2880 731 2927 est
745 2887 782 2928 ac
794 2868 971 2948 persistens
984 2870 1245 2952 Lisyanthearum

177 2959 283 3043 stylus,
302 2972 361 3014 nee
377 2952 440 3012 nisi
456 2973 494 3013 ex
508 2954 650 3036 analogia
665 2955 817 3036 cognosci
834 2969 952 3038 potest,
971 2979 1011 3040 an
1024 2978 1084 3041 per
1099 2959 1245 3023 anthesin

177 3043 401 3111 Gentianurum
426 3038 575 3102 antherae
602 3041 765 3122 sagittatac
792 3041 918 3104 demum
944 3045 1136 3112 incumbunt
1181 3050 1246 3110 De·

175 3135 273 3218 nique
298 3125 384 3214 quod
405 3129 517 3190 attinet
539 3127 578 3189 ad
600 3130 837 3192 articulationes
861 3153 938 3216 quas
961 3133 1073 3197 dicunt
1094 3136 1242 3204 caulinas,

173 3224 209 3286 in
227 3214 490 3298 Dieotyledoneis
511 3215 612 3276 nullus
636 3218 711 3278 novi
730 3219 793 3279 nisi
813 3219 915 3280 nodos
935 3220 1097 3301 juniores,
1125 3223 1179 3302 qui
1203 3240 1243 3278 ex

173 3312 283 3394 ignota
315 3318 407 3365 eausa
437 3301 569 3384 juvenili
604 3319 706 3367 aetate
736 3306 927 3367 internodiis
956 3307 1138 3388 fragiliores
1170 3315 1243 3366 tunt

174 3419 203 3461 e.
218 3416 244 3457 o.
268 3393 301 3453 in
321 3388 414 3453 Galio
432 3410 538 3477 neque
556 3412 636 3454 vero
659 3412 731 3454 eum
752 3412 829 3456 vera
850 3391 1070 3453 articulatione
1090 3389 1243 3455 conlundi

175 3497 319 3569 possunt.

262 3572 370 3652 ltaque
400 3578 435 3628 ut
460 3563 498 3629 ed
526 3565 604 3631 nodi
625 3564 799 3629 Gentianae
823 3566 927 3629 luteae
954 3563 1107 3627 fabricam
1135 3586 1244 3629 recur.

174 3677 293 3728 ramus,
320 3673 358 3714 ex
376 3653 550 3717 anatomica
570 3653 745 3715 internodii
768 3667 924 3716 structura
945 3652 1088 3715 exordiri
1111 3675 1243 3717 necesse

174 3758 234 3811 est.
282 3746 394 3803 Mense
420 3739 522 3823 Maio,
557 3762 653 3827 quum
677 3740 775 3804 caulis
801 3739 958 3824 bipedalis
983 3741 1063 3817 suit,
1098 3743 1242 3825 enslyses

174 3831 319 3896 Ill-Vl
341 3828 514 3894 internodii
537 3828 669 3891 institui.

261 3918 288 4000 ᾗ,
314 3921 343 3984 1.
386 3917 470 3980 lmae
493 3916 666 3980 internodii
690 3917 789 4000 partis
811 3915 912 3978 sectio
935 3916 1143 3979 horizontalis
1164 3916 1244 3981 haee

176 4013 272 4069 'strata
289 4002 454 4090 praebuit:
488 4004 522 4083 1)
541 4003 780 4087 Epidennidem
801 4023 840 4064 ex
857 4004 1104 4089 perenchymate
1122 4005 1245 4067 colum.

175 4094 245 4156 nari
267 4090 485 4164 constitutam,
509 4092 696 4154 stomatihus
716 4091 912 4165 destitutam,
937 4095 1122 4155 cellularum
1146 4111 1241 4156 succo

175 4179 299 4265 saepius
324 4178 469 4265 globulos
494 4182 615 4249 3-10
634 4180 773 4245 minutos
797 4200 861 4244 non
885 4181 1046 4245 coloratos
1073 4198 1134 4244 noe
1155 4179 1240 4245 lodo
