2664 4746
475 265 827 351 Praefatio.
1118 297 1183 344 m

121 416 216 518 ipsis
242 413 494 516 carpophyllis
520 432 620 489 ortas
644 440 724 487 esse
747 412 878 487 docet:
895 411 1071 485 termino
1092 437 1181 485 vero

99 525 213 612 isto,
239 539 280 592 ut
298 521 489 621 placentas
509 522 726 619 marginales
746 520 792 593 ab
814 521 882 611 iis,
907 544 1001 618 quae
1018 544 1085 619 per
1103 543 1182 590 car·

120 627 291 730 pophylli
308 626 441 699 faciem
456 626 643 728 dispersae
660 643 762 717 sunt,
786 626 1070 724 distinguerem,
1095 648 1184 697 usus

121 760 225 806 cram.
267 735 325 804 De
343 734 549 806 membrana
564 759 651 806 vero
673 732 950 830 intracalycina,
973 732 1034 802 cui
1053 755 1184 828 magna

71 934 74 943 (
120 857 177 913 est
197 841 237 910 in
255 838 446 911 Suertieis
466 840 629 938 dignitas
650 837 1184 939 systematica„cpidermidcm

118 946 272 1018 liberam
291 971 373 1016 csse
389 946 520 1035 statui,
547 972 595 1017 ne
612 949 696 1044 quis
710 944 952 1016 membranam
970 969 1042 1040 qua
1059 941 1185 1042 sepala

118 1052 317 1149 jungantur
337 1068 374 1122 et
393 1076 606 1150 processum
620 1052 696 1123 tori
712 1051 810 1122 inter
827 1049 991 1148 calycem
1010 1065 1047 1119 et
1062 1046 1190 1121 corclo

120 1158 191 1228 lam
216 1158 327 1229 situm
349 1155 492 1256 (qualis
516 1175 573 1230 est
595 1157 797 1231 Chironiae
820 1153 1060 1243 frutescenti)
1083 1180 1104 1226 a
1127 1177 1185 1227 me
1226 1248 1228 1254 Ι

122 1262 299 1336 confundi
329 1280 507 1335 censeret.
1172 1256 1174 1260 ’

225 1372 371 1458 Restat,
399 1386 440 1441 ut
459 1367 640 1441 nonnulla
663 1368 709 1440 de
730 1368 819 1463 libri
844 1367 989 1440 ratione
1013 1364 1184 1439 scribam.

119 1475 227 1547 Licet
252 1476 322 1573 jam
350 1476 512 1548 studium
539 1475 744 1576 plantarum
773 1473 1075 1572 physiologicum
1102 1494 1185 1543 cum

121 1582 359 1681 systematico
385 1599 458 1652 tam
486 1599 586 1652 arcte
610 1581 854 1678 conjungatur
862 1631 873 1668 ,
901 1595 943 1649 ut
964 1578 1024 1649 vix
1045 1576 1186 1674 absque
1265 1591 1268 1595 ’

109 1688 342 1762 ¹detrimento
371 1687 522 1759 alterius
544 1688 662 1757 utrius
686 1684 851 1781 disjungi
874 1699 1031 1780 queant,
1064 1698 1187 1753 tamen

120 1820 198 1865 non
227 1796 406 1889 integram
437 1790 743 1886 monographiarn
776 1786 925 1860 molitus
957 1787 1185 1888 systematici

123 1898 410 1970 Gentianoarum
434 1893 579 1964 codicis
600 1893 775 1963 ambitum
797 1895 1100 1966 circumscribere
1121 1919 1186 1967 vo-

122 2001 198 2070 lui:
235 2024 305 2068 nec
334 2013 475 2068 tantum
500 2023 595 2068 nova
620 1996 767 2088 afferre,
804 1999 1005 2071 sedetiam
1034 1999 1185 2097 cognita

125 2103 250 2175 eadem
265 2105 409 2174 ratione
424 2103 601 2200 digerere,
623 2106 747 2174 omnia
762 2130 803 2175 ex
817 2122 946 2175 natura
961 2105 1184 2196 describere,

124 2210 354 2282 characteres
372 2233 594 2307 comparare,
615 2209 702 2280 inde
720 2209 919 2282 affinitates
938 2210 1084 2309 eligere.
1115 2210 1185 2282 Cui

123 2313 256 2386 inutile
276 2310 438 2404 videtur,
466 2315 680 2386 notissimas
704 2315 849 2414 species
873 2314 995 2388 denuo
1020 2316 1185 2416 depingi,

123 2422 293 2519 ignoscat
312 2420 487 2518 scriptori
506 2446 615 2516 quum
631 2420 787 2517 primum
804 2423 964 2492 incedit:
992 2447 1075 2492 nam
1092 2447 1185 2520 quo-

122 2525 233 2599 modo
256 2525 363 2596 fidem
387 2527 494 2596 novis
517 2524 655 2596 habere
679 2542 804 2625 potest
826 2527 901 2597 nisi
926 2552 968 2598 ex
993 2523 1185 2624 cognitis?

122 2633 292 2705 Ceterum
319 2631 493 2702 brevitati
521 2655 669 2731 operam
699 2630 806 2722 dedi,
842 2658 917 2728 quo
946 2657 989 2703 ea
1017 2659 1112 2732 quac
1139 2633 1185 2705 de
1308 2706 1311 2713 ,

123 2722 398 2811 characteribus
411 2734 594 2827 familiae,
616 2737 795 2826 tribuum,
821 2763 994 2833 generum
1010 2737 1184 2830 valerent,
1279 2735 1282 2740 ’

122 2871 200 2917 non
229 2843 385 2942 amplius
414 2845 454 2914 in
484 2842 642 2940 singulis
675 2844 885 2941 quibusque
913 2862 1184 2942 repeterentur:

121 2976 204 3020 nam
220 2975 262 3020 ex
279 2949 357 3020 illis
364 3001 389 3045 ,¹
403 2974 646 3046 quaecunque
665 2949 837 3021 universo
855 2948 980 3022 valore
998 2951 1186 3044 carebant,

123 3054 253 3128 sedulo
273 3054 429 3125 exclusi:
458 3054 686 3125 characteres
703 3055 801 3124 enirn
818 3055 993 3152 majorum
1013 3057 1183 3129 ordinum
1249 3067 1250 3071 ’

122 3184 266 3259 semper
278 3158 399 3259 plenis
413 3158 617 3255 specierum
631 3158 947 3258 descriptionibus
963 3164 1185 3262 comparatis

10 3362 13 3367 Ι
122 3265 352 3366 pedetentim
373 3263 655 3360 colligebantur.
708 3267 763 3335 Ita
783 3266 822 3335 in
841 3266 1184 3342 adumbrationibus

63 3447 66 3456 f
123 3398 273 3471 quoque
295 3370 525 3443 characteres
547 3369 780 3466 diagnosium
802 3371 1040 3445 distinctivos
1060 3375 1182 3467 omisi,

124 3504 197 3576 qua
212 3477 389 3550 methodo
406 3473 573 3548 effectum
591 3493 658 3567 cst,
675 3492 717 3547 ut
733 3477 814 3575 ipsa
832 3478 1062 3554 adumbratio
1079 3507 1183 3580 prae·

124 3584 234 3682 cipue
256 3583 413 3682 partium
435 3608 620 3654 mensuras
644 3583 809 3673 sisteret,
839 3609 934 3681 quae
955 3602 996 3657 ut
1014 3586 1183 3659 habitum

122 3688 238 3785 magis
261 3715 368 3786 quam
389 3704 510 3760 cetera
531 3687 728 3779 definiunt,
757 3689 810 3761 ita
832 3714 853 3760 a
876 3688 1044 3790 zoologis
1064 3692 1181 3766 multo

122 3793 271 3895 majoris
291 3794 529 3867 aestimantur
546 3820 655 3893 quam
672 3797 694 3866 a
712 3795 913 3867 botaniciS.
948 3797 1181 3897 Descriptio·
1242 3846 1245 3851 ·

121 3926 188 3973 nes
209 3926 295 3974 vero
315 3900 397 3973 illas
415 3900 623 4000 primarias,
653 3900 846 3999 exquibus
866 3902 989 3977 omnia
1006 3920 1181 4001 systema-

121 4007 198 4079 tice
217 4007 368 4081 condita
385 4024 481 4098 sunt,
501 4006 714 4112 plerumque
731 4007 925 4082 multorum
938 4009 1181 4109 speciminum

122 4114 397 4213 comparatione
418 4111 575 4187 formare
597 4114 703 4213 potui
710 4141 722 4209 3
749 4131 891 4189 tantum
911 4115 978 4188 uhi
999 4141 1077 4190 non
1098 4117 1181 4217 ipse

121 4218 218 4317 vidi,
244 4236 286 4296 ut
301 4219 449 4323 plenior
463 4244 597 4318 essem,
624 4246 668 4298 ex
681 4220 858 4299 iconibus
875 4221 1071 4325 scriptisve
1086 4223 1181 4300 alio·
