2664 4746
140 259 207 327 296
339 348 351 371 η
589 253 768 319 Swertieae.

226 437 255 498 y.
277 411 405 494 alpina
423 410 514 475 Vill.
532 410 620 475 foliis
636 410 781 476 obovatis
799 411 920 474 obtusis
936 410 1107 484 mollibus,
1133 408 1224 473 flore

138 497 261 564 caulem
283 512 463 583 superante.

166 605 308 681 Syron.
346 610 381 665 G·
405 608 539 680 alpina
562 609 632 665 vill.
658 618 684 667 1.
712 628 740 682 p·
761 616 821 666 stt.
851 637 882 646 -
914 607 1086 679 Hippian
1116 608 1219 663 Scbtu.

309 717 311 723 Ι
347 687 535 813 (1Ρο110100
557 755 696 816 Ρο000.,
722 763 798 804 auct.
824 769 852 804 v.
874 750 991 802 Brauna
1014 749 1094 816 (Bot.
1120 749 1220 823 Zeitg.

384 827 463 882 1831.
481 840 511 894 p·
531 822 607 892 stt).
625 853 660 868 -

415 893 463 947 Ie.
499 894 570 947 Vill.
591 892 688 962 dalph.
709 894 729 948 l.
751 901 794 950 10·
819 929 853 939 -
868 920 871 927 ·
885 894 970 945 Barr.
994 899 1045 949 105
1067 902 1114 946 est
1136 902 1221 947 tran·

455 962 526 1017 situs
543 982 560 1017 a
577 983 606 1036 y.
624 963 662 1017 ad
678 985 706 1018 α.
723 996 758 1008 -

407 1032 522 1107 spec.
541 1050 612 1106 exi.
651 1034 754 1091 Wittd.
771 1033 854 1089 nera.
873 1031 959 1091 sus!
975 1062 1007 1072 -
1032 1032 1131 1087 000).
1150 1015 1219 1088 sir.

457 1104 560 1158 exsicc.
577 1105 647 1164 465!
666 1107 715 1174 (ex
730 1104 900 1167 sabaudia).
917 1133 952 1144 —-

123 1217 125 1223 “
226 1204 404 1266 Adumbr.
427 1232 459 1272 α.
505 1197 618 1267 Caules
641 1203 776 1266 solitarii
796 1204 817 1265 l.
841 1203 1014 1285 caespitosi
1036 1202 1219 1285 simplices,

137 1291 435 1366 nuncbrevissimi,
454 1290 794 1366 nunc1-3unciales,
815 1290 883 1352 basi
904 1289 1047 1365 rosulati,
1070 1309 1220 1371 superne

136 1379 374 1462 1-2paribus
402 1376 554 1440 follorum
583 1377 741 1440 instructi.
801 1379 877 1440 Flos
909 1376 1105 1448 solitarius,
1125 1376 1219 1438 foliis

136 1465 301 1528 floralibus
319 1463 483 1541 suffultus,
503 1486 654 1547 cyaneus,
674 1467 756 1528 ultra
771 1464 944 1548 polliceris.
975 1463 1098 1545 Calycis
1116 1463 1219 1525 tubus

137 1552 327 1626 obcouicus,
360 1552 453 1614 lobos
484 1552 798 1614 ovato-lanceolatos
828 1552 1022 1613 acuminatos
1052 1571 1217 1634 aequans3

135 1640 319 1702 membrana
345 1639 568 1721 intracalycina
594 1659 679 1702 nunc
704 1640 790 1701 inter
811 1637 905 1700 lobos
928 1636 1099 1721 conspicua
1123 1653 1218 1699 trun·

136 1741 203 1790 cata
231 1727 318 1803 (talia
344 1727 517 1809 specimina
540 1750 557 1787 a
580 1727 687 1788 multis
708 1748 738 1788 v.
762 1747 790 1788 o.
814 1727 853 1786 ol.
877 1725 1003 1799 Funclt!
1039 1725 1079 1786 G.
1104 1724 1218 1787 excisa

136 1814 317 1894 dicuntur),
346 1833 430 1896 nunc
456 1813 588 1875 inclusa.
633 1814 762 1876 Corolia
784 1813 924 1895 calycem
945 1813 1021 1895 3plo
1044 1833 1222 1894 superans,

136 1901 215 1963 tubo
245 1921 330 1962 nunc
359 1900 517 1962 obconico
546 1922 630 1963 nune
661 1902 781 1965 clavato
811 1899 1097 1982 lncampanulato,
1129 1898 1218 1961 lobis

137 1987 250 2070 amplis
280 1988 335 2049 vix
362 1987 509 2069 expansis
537 1989 638 2070 plicas
665 1989 742 2071 3plo
770 1987 1001 2070 superantibus.
1054 1985 1217 2048 Ovarium

135 2075 206 2138 basi
227 2087 436 2147 attenuatum,
459 2075 514 2134 vix
537 2076 727 2157 stipitatum,
750 2075 821 2136 basi
843 2074 1018 2135 tuberculis
1042 2073 1219 2156 0νο00100-

138 2161 202 2225 culi
224 2160 610 2242 processibusicinctum,
635 2162 669 2221 in
692 2162 806 2243 stylum
828 2173 1030 2224 attenuatum.

224 2251 371 2310 Lusus.
417 2246 566 2309 Stolones
588 2249 715 2310 steriles
738 2249 771 2308 in
793 2272 821 2335 y.
843 2286 886 2298 -
913 2249 1033 2330 Scapns
1055 2246 1220 2312 Quocialis

136 2337 171 2398 in
192 2362 221 2425 y.
243 2371 287 2384 -
318 2334 484 2397 Foliorum
510 2334 633 2397 formae
660 2349 820 2398 extremae
846 2333 1107 2400 insatietatibus
1132 2335 1220 2397 insli-

136 2437 226 2487 catae
247 2421 362 2485 formis
384 2421 499 2484 mediis
521 2422 664 2508 undique
685 2423 868 2507 junguntur.
887 2461 930 2472 -
951 2423 1029 2484 Flos
1048 2420 1219 2486 ebractea·

38 2554 41 2563 ι
135 2526 197 2576 tus.
214 2546 258 2560 -
281 2509 395 2591 Sepala
412 2508 482 2570 basi
504 2521 624 2572 tautum
641 2509 763 2593 juncta,
786 2508 970 2571 membrana
986 2509 1219 2590 intracalycina

22 2623 24 2627 ’
138 2619 231 2684 quam
245 2596 381 2658 maxime
393 2595 608 2678 prominente.
618 2633 661 2645 -
674 2596 821 2659 Corollae
835 2595 951 2657 limbus
963 2596 1218 2675 0000010005-

25 2712 29 2719 ·
130 2704 303 2767 Ι00000000.
341 2721 384 2734 -
429 2682 556 2745 Corolia
589 2682 667 2744 alba.
703 2719 747 2732 -
790 2681 953 2746 Antherae
985 2695 1218 2768 nonnunquam

134 2761 259 2837 liberae
280 2769 315 2829 in
336 2793 364 2856 y.
385 2775 428 2820 '-
1117 2845 1119 2848 y

224 2856 327 2919 Obs.
377 2858 442 2917 Per
472 2853 754 2938 praellorationem
786 2856 907 2919 corolla
938 2855 1044 2940 calyce
1076 2855 1217 2931 inclusa,
1263 2882 1266 2888 ·

137 2942 245 3006 subito
260 2957 326 3005 tum
340 2956 430 3004 aucta
444 2941 660 3005 membranam
676 2942 934 3024 intracalyeinam
950 2943 1076 3026 saepius
1095 2939 1219 3025 partim

136 3031 312 3114 abrumpit,
336 3050 416 3115 quae
430 3052 504 3112 pars
521 3029 653 3114 abrupta
669 3029 803 3112 posthac
820 3028 930 3092 tubum
944 3032 1085 3092 corollae
1103 3030 1219 3094 annuli
1248 3028 1252 3033 ’

136 3119 238 3183 instar
260 3117 393 3200 cingens
415 3116 551 3179 formam
573 3116 713 3179 corollae
736 3118 982 3200 campanulatam
1006 3116 1218 3183 determinat:

137 3207 188 3268 sin
219 3225 298 3269 vero
331 3205 421 3287 calyx
452 3204 543 3287 prius
576 3204 720 3286 aperitur
753 3226 847 3288 quam
878 3205 999 3267 corolla
1029 3218 1216 3286 superatur,
1247 3280 1249 3284 Ι

137 3292 320 3356 membrana
343 3291 469 3374 integra
488 3292 574 3353 inter
592 3291 685 3354 lobos
705 3291 864 3373 calyciuos
884 3291 1058 3373 conspicua
1078 3293 1218 3354 corolla.

137 3402 201 3466 que
229 3393 296 3442 tum
324 3378 478 3440 obconica
504 3378 525 3438 1.
554 3378 673 3443 clavata
701 3391 769 3441 est:
800 3398 881 3462 quae
908 3380 1005 3463 igitur
1032 3378 1073 3441 ad
1099 3378 1217 3441 distin-

65 3474 68 3485 '
137 3464 281 3554 guendas
304 3465 429 3548 species
452 3462 598 3527 adhiberi
620 3486 685 3528 non
701 3477 844 3548 possunt.
1236 3526 1238 3533 ,

224 3552 378 3616 Patria.
424 3555 518 3613 Prata
544 3552 680 3615 sicciora
705 3551 884 3635 graminosa
908 3575 925 3614 a
954 3552 1126 3635 Pyrenaeis
1150 3575 1217 3635 per

90 3650 92 3653 ’
140 3641 240 3725 Alpes
261 3660 364 3726 usque
386 3638 426 3701 ad
443 3642 631 3712 Caucasum,
654 3639 707 3700 alt.
732 3635 982 3708 3000'-8000':
1006 3669 1039 3709 α.
1062 3639 1218 3722 inprimis

141 3730 194 3792 alt.
211 3723 458 3802 aooo'-7000'‚
480 3735 513 3813 β.
532 3726 706 3810 praecipue
725 3726 777 3788 alt·
796 3725 1041 3801 3000-6000',
1064 3727 1161 3790 etiam
1178 3728 1217 3790 in

140 3813 290 3901 planities
319 3813 571 3898 salisburgensis
601 3811 821 3889 descendens,
855 3839 884 3902 y.
916 3813 997 3876 sicut
1026 3827 1058 3876 et
1088 3814 1217 3879 formae

141 3919 317 3988 pygmaeae
330 3897 454 3964 formae
473 3929 505 3969 a·
524 3900 692 3965 altioribus
707 3900 790 3986 jugis
809 3900 861 3965 alt.
882 3898 1118 3970 otoo-8000*
1137 3921 1218 3964 con.

143 4003 261 4053 tentae.
305 3985 401 4048 Hab.
427 4015 460 4056 α.
486 4001 518 4050 et
539 3997 572 4077 β.
598 4011 616 4050 0
642 3988 745 4051 Gallia
770 3987 899 4052 australi
923 4009 985 4070 per
1009 3989 1215 4053 Helvetium!

144 4066 347 4140 Germaniam
374 4073 556 4160 Italiamque
587 4076 815 4140 conterminam
843 4074 1000 4158 alpinam!
1039 4097 1141 4161 usque
1172 4077 1218 4140 ad
1256 4075 1259 4079 ’

143 4160 224 4227 fines
236 4160 437 4248 Hungariaet
458 4187 486 4250 y.
502 4163 650 4248 inprimis
662 4163 816 4249 frequens
829 4163 863 4225 in
875 4163 1049 4247 Pyrenaeis
1063 4162 1216 4258 (1100101)
