2664 4746
541 273 675 363 OpMir
692 272 781 338 vitan.
832 221 835 223 *
1128 279 1193 346 818

130 429 215 493 nina
228 429 300 494 rulo
313 430 432 512 (ene).
464 434 575 518 stylos
588 433 870 518 longimoulus.·-·
890 429 1068 497 Padanoali
1082 432 1195 513 erecti,

131 519 272 581 unciales
288 520 373 595 fere,
397 521 523 583 demum
540 520 697 584 declinati.
974 521 976 526 ’

152 642 155 647 -
217 608 368 670 Patria.
414 607 616 670 Camaeltatlta
644 609 740 670 unico
763 607 843 671 -looo
868 605 909 670 ed
935 608 1050 672 οῡῑίιιω
1068 607 1109 671 tl.
1132 607 1197 694 tp.

131 693 243 776 pallae.
287 697 352 757 lna.
368 696 550 759 Curilenses
568 695 735 779 trismt).
757 733 802 748 -

134 880 311 950 Xerrl.
356 882 520 973 Ophelia
543 882 712 991 pontin
735 885 857 950 Philas.
880 884 962 972 Mag.
984 891 1076 956 1836.
1100 882 1195 970 lam).

131 1024 270 1093 (Smertia
285 1024 367 1081 Anat.
380 1058 414 1071 -
430 1024 590 1098 Agathotes
604 1027 679 1080 Don.
689 1059 724 1072 -
742 1023 888 1081 Hearicea
903 1025 978 1079 Bull.
993 1024 1061 1080 soc.
1074 1024 1196 1086 Philom.

530 1105 608 1156 1824.
627 1115 682 1152 neo
699 1096 803 1164 Casa).

218 1218 342 1281 Char.
373 1214 466 1304 g'en.
513 1221 593 1284 'Flos
622 1228 661 1295 ὁ,
691 1229 831 1290 almerus.
882 1223 996 1304 Sepala
1026 1220 1198 1284 sublibera.

131 1307 258 1371 Corolla
281 1320 400 1379 rotata,
416 1307 575 1371 ⁴coronula
598 1310 745 1372 continua
769 1325 801 1372 et
823 1311 918 1392 plicis
941 1309 1107 1381 destituta,
1131 1307 1200 1369 basi

131 1395 225 1457 fovea
253 1393 463 1477 glandulifera
490 1396 565 1458 hinc
592 1394 729 1459 fimbriis
758 1400 880 1471 cineta,
914 1418 974 1478 per
1006 1397 1200 1481 squamulam

131 1482 206 1543 hiae
225 1478 416 1544 fimbriatam
437 1497 521 1547 tecta
539 1498 592 1545 aut
610 1505 670 1567 per
687 1486 901 1547 membranam
919 1484 1039 1567 ubique
1056 1483 1200 1544 adnatem

130 1569 184 1632 vix
206 1584 345 1651 apertam
368 1571 472 1632 clausa
495 1572 659 1634 instructa.
705 1574 878 1634 Filamenta
900 1571 970 1632 basi
989 1570 1130 1654 aequalia
1148 1581 1201 1630 aut

130 1657 201 1719 basi
215 1656 342 1719 dilatata
357 1672 450 1741 atque
464 1659 498 1719 in
514 1660 663 1729 annulum
678 1679 830 1722 connexa.
874 1659 1026 1740 Stigmata
1042 1666 1062 1722 2
1077 1656 1199 1729 brevia,

129 1745 285 1818 revoluta,
298 1744 459 1818 distincta,
473 1760 525 1808 aut
536 1759 699 1820 concreta,
713 1760 831 1821 erecta,
842 1746 951 1809 orario
966 1757 1059 1806 orato
1074 1743 1200 1825 saepius

130 1832 164 1892 in
193 1832 318 1913 apicem
347 1832 556 1913 styliformem
584 1847 756 1896 attenuato.
817 1833 953 1914 Capsula
983 1830 1199 1904 unilocularis‚

130 1918 288 2000 placentis
309 1918 502 1981 suturalibus
524 1922 706 2004 spongiosis
730 1920 850 1981 semina
870 1918 1066 1980 creberrima
1086 1936 1201 1999 geren-

130 2005 230 2089 tibas‚
254 2005 275 2067 l.
298 2005 401 2090 (quod
422 2007 456 2067 in
474 2006 611 2089 Ophelia
633 2007 718 2069 haud
741 2006 867 2086 stabile)
892 2005 1011 2066 semina
1033 2025 1073 2066 ex
1094 2020 1202 2086 saper·

129 2089 203 2153 {ieie
216 2093 409 2155 valvularnm
424 2106 503 2154 orta.
515 2131 558 2142 —
580 2094 711 2156 Herbae
723 2095 756 2155 in
770 2093 858 2155 India
870 2093 1018 2154 orientali
1030 2090 1201 2176 indigenae
1248 2167 1249 2171 Ἰ

130 2180 207 2259 (nna
232 2179 267 2239 in
290 2184 379 2242 Nova
401 2180 601 2259 Hollandia),
630 2202 755 2244 annuae
782 2180 803 2243 l.
831 2179 1030 2262 persuassi,
1063 2193 1199 2252 erectae,
1315 2234 1322 2246 ,

129 2287 291 2342 ramosae,
321 2267 535 2350 paniculataa‚
565 2269 659 2330 ramis
684 2267 876 2351 patentibus.
916 2265 1104 2326 internodia
1128 2265 1201 2331 sub-

128 2355 281 2440 aequalia.
326 2356 418 2419 Folia
443 2355 593 2418 breviora
621 2355 745 2416 sessilis
766 2367 820 2415 aut
841 2352 1006 2434 petiolata‚
1038 2351 1200 2434 opposita!

130 2445 246 2524 Cymes
266 2443 450 2507 terminales
467 2440 748 2504 umbellaeformes
763 2454 815 2502 aut
830 2439 1092 2522 capituliformes.
1137 2439 1202 2498 An.

129 2529 241 2598 thersa
260 2543 419 2593 natantes.
438 2565 482 2579 -
505 2525 616 2591 Genus
638 2526 747 2589 differt
769 2549 787 2589 a
806 2526 964 2588 Gentiana
986 2525 1079 2588 lovea
1097 2538 1203 2586 necta.

128 2616 244 2689 rifero,
267 2615 306 2679 ab
330 2614 529 2700 anagallidio
552 2616 672 2679 corolla
694 2635 760 2678 non
779 2614 963 2677 coronulata
983 2629 1016 2676 et
1032 2611 1158 2685 habita,
1183 2634 1201 2675 a

129 2702 265 2767 Swertia
288 2703 443 2785 stigmatis
465 2703 600 2776 fabrica,
623 2701 716 2764 fovea
739 2715 837 2774 tecte,
861 2701 948 2762 foliis
970 2699 1137 2785 oppositis.
1157 2732 1201 2751 -ι-

128 2793 215 2850 lnter
232 2788 401 2870 Opheliarn
424 2804 456 2850 et
478 2790 704 2872 Agathotidem
721 2791 794 2852 Don
818 2807 878 2850 nec
900 2788 1019 2850 limites
1039 2787 1120 2848 certi
1140 2805 1200 2848 nec
1262 2792 1264 2796 ’

129 2873 256 2936 habitus
287 2874 489 2937 differentiae
520 2890 664 2937 exstant:
697 2875 825 2936 foveam
855 2875 1015 2957 squamula
1043 2869 1200 2936 fimbriata

129 2973 246 3023 tectam
276 2979 347 3020 cum
377 2960 472 3022 fovea
502 2981 562 3043 per
590 2961 804 3022 membranam
836 2960 942 3021 clausa
968 2960 1130 3022 connectit
1159 2961 1200 3022 Ο.
1223 2990 1235 3018 a

129 3046 308 3132 paniculata
330 3061 585 3130 structuramque
606 3045 700 3128 hujus
724 3047 874 3109 sectionis
897 3047 1052 3131 explicata
1084 3049 1200 3108 necin

130 3133 245 3198 annulo
264 3130 496 3195 {ilementorum
513 3152 633 3218 quaero
651 3130 866 3195 differentiam
885 3152 974 3194 mere
993 3131 1199 3206 artificialem,

131 3221 267 3306 cognitis
289 3220 425 3304 Ophelia
448 3220 608 3302 zeylanica
632 3235 664 3283 et
686 3222 756 3283 aliis
775 3220 978 3304 Euopheliis3
1001 3241 1062 3283 nec
1080 3222 1114 3282 in
1132 3217 1201 3280 lim·

129 3310 211 3373 briis
227 3306 396 3391 epipetalis
411 3308 539 3390 saepias
553 3307 710 3387 evanidia:
734 3307 896 3372 dissuadet
911 3308 1039 3370 tandem
1055 3309 1201 3391 inprimis

130 3396 283 3460 divisioni
310 3395 413 3458 sectio
438 3394 689 3479 Neurophyllum
720 3395 762 3459 ob
792 3397 984 3484 squamulam
1013 3393 1200 3457 fimbriatara

130 3484 288 3569 simulque
309 3481 468 3547 filamenta
489 3485 641 3567 aequalia.
663 3521 707 3534 -·

89 3624 92 3632 .
127 3590 130 3596 ‘
218 3572 409 3634 Sectiol.
453 3570 703 3653 Euophelia.
748 3573 916 3657 Squamala
940 3590 1006 3633 non
1031 3568 1199 3644 fimbriata,

130 3660 202 3743 plns
223 3658 327 3720 minus
345 3656 472 3732 adnata,
494 3657 570 3718 hino
587 3657 903 3721 membranaelormis
922 3659 1100 3743 glandularia
1118 3658 1201 3720 clar-

95 3759 99 3765 “
131 3746 211 3808 dens
235 3751 290 3826 (ex
313 3757 414 3808 aetate
436 3742 604 3830 juniori‘l).
649 3743 825 3808 Filamanta
847 3746 1002 3808 deorsam
1019 3746 1145 3808 dilatata
1166 3745 1202 3805 ia

130 3832 280 3896 annulum
306 3832 404 3901 latum
434 3850 596 3906 connexa,
633 3844 687 3893 aut
713 3832 847 3897 linearia
873 3834 934 3896 ima
961 3834 1030 3896 basi
1058 3840 1201 3894 connexa
1296 3880 1299 3888 .

130 3920 307 4005 liberaque.
356 3918 483 3982 Corolla
511 3915 612 3997 blida.
642 3920 746 3983 rarius
773 3918 868 3988 tfida.
913 3921 1003 3984 rota
1030 3919 1099 3981 basi
1127 3938 1199 3982 enm

130 4008 246 4092 vagina
268 4003 397 4070 oilioaal
422 4013 571 4088 (excepta
592 4004 632 4068 0.
656 4007 841 4089 seylanica.)
862 4042 905 4058 -·-

148 4111 151 4114 .
220 4095 258 4174 1)
282 4093 329 4157 0.
359 4092 646 4156 Ds-lhonsiana
672 4114 763 4160 nov.
795 4096 989 4179 sp·,·caule
1018 4104 1196 4180 tetragono,
1305 4169 1307 4173 Ι

129 4180 225 4259 talin,
240 4181 429 4261 hnooolatls
446 4181 519 4257 bati
538 4181 725 4268 annuato,
754 4185 856 4257 rnen·
874 4182 1075 4276 psentibus,
1100 4185 1198 4281 ayma
