2664 4746
471 208 494 248 ,ἢ

173 289 216 358 62
488 250 491 255 ι
565 280 766 357 Gentiuneae.
811 285 893 358 Juss.

172 463 253 552 ultra
280 461 312 522 ss.
334 462 456 526 Jenisei
479 466 512 525 in
533 464 666 547 planitie
694 464 851 543 habitant,
876 489 936 531 nec
960 484 1064 532 tamen
1089 490 1127 531 ex
1153 489 1241 531 mon·

173 550 256 611 tibus
284 550 521 613 {tamisahattae
548 553 666 613 exules.
741 633 745 641 Ι

339 777 373 840 C.
421 777 644 865 Exlrulropicu
675 777 919 864 Hemisplruerue
942 782 1098 843 australis.

580 943 602 1000 l.
649 941 838 1003 America.

257 1077 313 1154 34)
354 1078 506 1137 Florae
542 1077 760 1140 chilenses.
811 1079 990 1161 Regionum
1029 1100 1052 1138 s.
1089 1076 1240 1139 florarum

172 1165 370 1246 reipublicae
395 1163 552 1224 Cbilensis
579 1165 797 1227 distinctarum
819 1166 982 1227 character
1003 1167 1241 1246 physiognomi.

171 1270 225 1311 cus
254 1275 270 1311 a
295 1254 334 1313 cl.
359 1251 503 1333 Poeppig
530 1252 650 1333 optime
672 1254 733 1335 jam
760 1254 932 1314 illustratus
960 1267 1023 1314 est:
1048 1273 1156 1314 rerum
1179 1266 1240 1312 stu-

170 1338 294 1398 tisticae
311 1336 546 1420 designationes
565 1341 606 1401 ob
624 1340 749 1421 ignotas
771 1341 948 1422 specierum
966 1341 1146 1402 altitudines
1164 1361 1240 1400 nou·

170 1424 243 1486 dum
274 1425 341 1484 dari
366 1439 508 1506 possunt.

257 1513 515 1575 Gentianeae.
577 1513 677 1574 Multo
713 1515 852 1574 rariores
889 1511 941 1574 hic
976 1534 1047 1575 esse
1077 1511 1236 1583 ridentur,

170 1621 262 1684 quam
288 1600 322 1659 iu
350 1598 493 1660 Andibus
522 1601 668 1680 tropicis.
720 1604 770 1661 Ex
792 1599 871 1662 flora
897 1599 1013 1661 litorali
1042 1614 1160 1662 tantum
1188 1601 1240 1660 Ci-

170 1685 312 1746 cendiam
339 1687 620 1770 quadrangularem
649 1689 741 1759 novi,
767 1709 826 1769 per
848 1687 1003 1748 Littorale
1028 1688 1182 1748 Peruviac
1207 1701 1239 1746 et

170 1773 324 1834 Brasiliae
365 1776 509 1836 australis
547 1788 721 1836 extensum.
780 1778 828 1835 Ex
868 1774 1010 1834 Andibus
1045 1773 1239 1834 chilensibus

169 1853 190 1926 4
225 1862 349 1942 species
383 1862 466 1933 vidi,
496 1861 705 1941 Erythraeam
737 1863 912 1924 abilensem
942 1876 973 1921 et
1004 1870 1024 1927 3
1056 1862 1238 1931 Gentianae,

170 1968 300 2029 quarum
320 1945 399 2008 duae
420 1962 489 2008 cum
514 1947 655 2008 Andibus
673 1951 805 2030 tropicis
825 1969 1024 2020 communes,
1047 1950 1140 2011 tertia
1160 1969 1240 2008 non-

170 2034 231 2092 nisi
258 2054 360 2115 propc
381 2036 568 2095 Mendozam
593 2037 673 2097 lecta
697 2050 753 2096 est.

257 2123 314 2197 35)
360 2121 480 2182 Floro
520 2123 839 2202 Compositarum
881 2122 1239 2184 arboresoentium

170 2207 256 2269 Sch.
297 2210 446 2271 Continet
466 2208 642 2269 Americam
664 2209 831 2270 australem
854 2209 1108 2289 extratropicam‚
1126 2229 1238 2269 versus

169 2295 336 2358 Orientem
361 2296 399 2356 ab
426 2295 570 2356 Andibus
597 2309 774 2357 extensamt
805 2294 885 2356 lines
911 2296 1063 2357 australes
1087 2297 1128 2357 ob
1151 2298 1239 2377 igno·

169 2399 230 2445 tam
253 2381 364 2444 ssoram
388 2383 607 2468 patagonicam
628 2386 690 2443 emi
712 2397 881 2468 nequeunt.

156 2526 160 2535 .
257 2471 484 2558 Gentianus
495 2491 522 2531 e.
569 2478 588 2535 3
614 2470 810 2532 Gentianeae
831 2491 870 2531 ex
892 2469 1057 2553 provincia
1082 2470 1239 2531 Monteri-

170 2558 231 2620 deo
257 2573 289 2619 et
313 2560 449 2620 Bouaria
474 2558 589 2619 missae
616 2573 705 2620 sunt:
731 2567 750 2623 2
772 2560 1021 2641 Zygostigmata‚
1047 2577 1146 2639 genus
1162 2576 1237 2637 pro-

169 2648 285 2730 prium,
310 2663 342 2707 et
365 2646 540 2707 Schultesia
557 2647 711 2719 australis,
731 2667 813 2729 quae
827 2645 952 2726 species
966 2641 1067 2705 ssorae
1085 2645 1236 2725 propriae
1275 2694 1282 2710 .

169 2748 251 2794 sunt.

256 2821 313 2898 36)
344 2820 464 2880 Flora
493 2820 719 2881 antarctico
750 2817 835 2879 Sch.
882 2818 1036 2900 Continet·
1056 2817 1234 2877 Americam

168 2908 250 2968 ultra
272 2905 403 2988 gradum
426 2907 716 2992 quinquagesimam
741 2907 831 2966 sitam
853 2905 1037 2989 vicinasque
1063 2904 1188 2964 insulas.

257 2994 515 3056 Gentianeae.
561 3002 581 3060 3
603 2993 777 3055 Gentianae
803 2994 836 3052 in
852 2993 910 3055 hac
930 2990 1008 3054 ilora
1023 2992 1125 3052 lectae
1144 3005 1232 3052 sunt:

169 3088 189 3146 2
210 3081 373 3162 propriae,
404 3102 534 3165 querum
561 3083 779 3164 alternusque
801 3079 838 3139 ad
863 3081 979 3141 insulas
1004 3078 1153 3159 Falltland
1181 3098 1234 3137 ex-

170 3185 258 3228 tensa
279 3181 343 3248 est3
370 3169 463 3229 tertia
484 3168 637 3230 Gentiana
664 3181 838 3249 prostrata,
867 3182 1001 3250 quatuor
1028 3162 1118 3227 floris
1148 3185 1234 3225 oom—

169 3255 287 3326 munis‚
315 3252 407 3326 bulo,
435 3252 534 3316 florae
564 3257 730 3316 Americae
761 3256 915 3327 arcticae‚
952 3253 1100 3314 sibiricae
1132 3265 1163 3311 et
1191 3253 1234 3312 al-

168 3344 271 3423 picae.

584 3486 619 3544 ll.
666 3480 815 3542 Africa.

256 3601 314 3680 37)
342 3603 463 3664 Flore
493 3606 701 3687 Capensis.
747 3601 796 3660 An
821 3597 1037 3676 rereraussora
1063 3601 1121 3660 iste
1142 3598 1232 3660 ditis.

170 3689 362 3771 rimatusque
384 3689 423 3750 ad
441 3691 591 3751 circulum
609 3689 797 3771 Capricorni
816 3685 980 3770 procedit,
1004 3685 1142 3748 nondum
1161 3706 1230 3748 cer-

169 3779 232 3839 tius
262 3773 326 3834 dici
347 3791 461 3858 potest.

256 3861 379 3922 Seriem
392 3863 588 3932 =familiarum
610 3863 857 3946 praevalentium
879 3882 917 3921 ex
935 3861 1131 3943 Thunbergii
1149 3859 1227 3921 llora

170 3949 362 4032 conscripsi,
399 3952 492 4010 etiam
523 3952 564 4025 pb
597 3971 664 4010 eam
695 3953 866 4018 rationem,
902 3963 952 4015 ut,
991 3948 1114 4034 quando
1148 3968 1227 4029 opus

100 4087 103 4091 .
169 4036 206 4095 Ε.
221 4039 342 4118 Meyeri
362 4033 536 4096 absolutum
557 4037 633 4109 erit,
655 4052 767 4122 quanta
783 4038 902 4097 calculo
921 4035 975 4095 tali
996 4037 1036 4096 de
1054 4031 1134 4096 ssora
1151 4054 1228 4095 nou-

171 4121 416 4185 dumsatisuota
433 4123 507 4184 insit
525 4119 616 4197 fides,
639 4123 733 4184 facile
758 4121 963 4185 determinari
986 4123 1099 4205 possit.
1131 4122 1226 4183 Flora
1289 4178 1292 4183 ,

170 4208 321 4292 (inpensis
344 4209 541 4294 Thunbergli
564 4215 650 4280 2775
665 4208 1061 4294 speciesphanerogamas
1070 4208 1225 4284 eontinet,
