2664 4746
468 299 623 368 Geruiono
649 295 684 368 Τ
677 290 801 390 across.
1101 306 1166 380 241

99 456 195 520 terias
214 479 350 544 unquam
367 459 503 522 viderim
521 478 581 520 nac
600 455 830 543 geographicae
848 456 987 521 rationes
1002 460 1167 548 utriusque

99 544 220 626 speciei
238 546 474 608 diversissimae
492 544 702 630 negligendae
722 563 793 604 essa
811 542 988 607 videantur.

184 633 336 695 Patria.
381 637 474 695 Prata
502 632 631 694 humida
656 631 874 712 planitierum!
903 633 1052 715 Europae
1081 633 1165 697 ccci·
1200 684 1201 690 .

97 718 369 783 dentali-borealis
392 717 602 798 (ῥοῦ-690),
633 721 780 800 Europae
805 717 968 781 orientalis
990 726 1105 805 (usque
1128 719 1169 782 ad

98 807 285 889 Caucasum)
310 823 342 870 et
364 807 490 870 Sibiris.
536 807 632 868 Hab.
656 832 688 872 α.
715 807 747 865 in
771 806 877 867 Sectis
903 807 1073 886 (Hocinl),
1106 827 1167 890 per

78 935 80 938 -
97 907 192 954 totam
211 895 357 956 Sueciam
376 909 508 977 excepta
525 897 668 977 Lappou.
688 893 847 975 superiori
865 893 1085 972 (stlenb.),
1107 913 1168 976 per

96 994 192 1042 totam
209 983 355 1044 Rosciam
369 983 459 1067 (cg.)
475 1001 502 1042 e.
519 1001 545 1044 c.
561 983 594 1041 in
609 981 744 1042 Livonia
760 979 816 1059 (de
831 979 1092 1061 Montpirenx!)‚
1116 1001 1165 1063 pr.

96 1069 227 1129 Mosbau
240 1069 408 1149 (Fiscb.!),
432 1068 471 1130 ad
485 1069 656 1130 Caucasum
669 1067 769 1147 (Stev.
778 1065 820 1142 l),
842 1068 875 1126 in
889 1068 1021 1129 Gallicis
1034 1067 1166 1147 (Besa),

94 1174 155 1236 per
177 1156 326 1216 Sibiriam
346 1156 566 1218 australiorem
590 1176 618 1216 e.
641 1175 669 1216 c.
690 1152 842 1236 frequens
864 1154 897 1215 in
921 1153 1165 1217 declivitatem.

95 1242 179 1301 Altai
191 1242 267 1320 (nec
279 1264 413 1326 unquam
426 1244 459 1304 in
474 1255 592 1304 tractus
605 1242 728 1323 alpinos
741 1238 987 1320 adscendensi),
1011 1240 1051 1302 ad
1063 1241 1167 1303 lacnnt

96 1329 313 1407 Baicalensem
330 1329 503 1410 (Fisch.!);
527 1337 560 1414 β.
576 1330 608 1389 in
627 1329 734 1390 Scotia
747 1327 916 1408 (Hcols.!);
940 1330 973 1390 in
995 1328 1166 1391 Germania

95 1415 234 1490 boreali,
258 1417 424 1478 hincinde
443 1417 477 1477 in
497 1443 529 1484 α.
546 1417 721 1490 transiens,
747 1434 775 1474 e.
792 1433 819 1475 c.
838 1436 887 1499 pp.
905 1414 1093 1477 Paderborn
1110 1415 1167 1495 (G.

95 1506 149 1563 W.
165 1505 199 1564 F.
213 1503 371 1586 Meyeri),
396 1506 429 1565 in
448 1505 506 1564 ins.
526 1504 682 1574 Borbum,
707 1503 741 1561 in
759 1500 830 1564 dcc.
847 1494 1022 1584 litineburg
1040 1504 1095 1581 (G.
1109 1504 1165 1566 W.

95 1592 130 1650 F.
153 1591 311 1674 Meyerl),
348 1593 381 1652 in
402 1591 580 1652 Franconia
599 1589 732 1668 (Nece),
760 1609 810 1669 pr.
830 1589 947 1662 Halae,
980 1589 1014 1649 in
1036 1589 1166 1652 Lusatis

96 1677 268 1756 (flohbt),
290 1701 339 1761 pr.
359 1677 505 1749 Berlin!,
528 1677 560 1737 in
581 1676 651 1738 duc.
669 1674 899 1758 Mechlenburg
919 1675 1104 1755 (Betcltel),
1130 1676 1166 1738 in

94 1765 318 1850 Homeroniai,
341 1786 389 1846 pr.
407 1763 631 1847 licenigsberg
648 1763 700 1840 (E.
718 1763 878 1843 Meyer'!);
901 1765 935 1824 in
953 1763 1092 1826 Gerania
1110 1761 1168 1844 (de

94 1850 356 1932 Montpireux!);
386 1876 415 1936 y.
438 1853 472 1911 in
493 1850 647 1910 Bohemia
666 1848 822 1930 (Schm.),
852 1850 886 1910 in
906 1852 1008 1917 Dania
1029 1849 1166 1929 (Enim),

94 1937 126 1995 in
149 1937 262 2019 Anglia
283 1938 453 2016 (Herbi),
478 1938 511 1997 in
534 1935 650 1998 Sibiria
671 1937 716 2012 (v.
731 1934 904 2016 Ledeb.!·);
935 1942 964 2005 δ.
985 1938 1019 1998 in
1039 1937 1167 2000 Sentias

94 2022 269 2105 Higblands
296 2024 469 2105 (Homul),
507 2023 538 2084 in
567 2022 678 2084 Scaeis
703 2023 865 2102 (Friesl),
900 2024 932 2084 in
956 2025 1167 2106 Carpatoruns

95 2112 290 2173 convallibus
314 2110 541 2191 (Maulsch.!),
579 2110 614 2170 in
639 2112 803 2194 Hungaria
827 2110 952 2173 boreali
974 2111 1101 2194 (ttici).
1122 2148 1167 2165 -

94 2197 151 2258 Fl.
175 2198 224 2258 Au
250 2241 272 2272 .,
296 2200 337 2260 Se
361 2211 382 2258 t.

179 2219 247 2364 44)g
261 2285 299 2346 G.
324 2219 501 2348 livonica
523 2282 684 2346 Eschb.!
710 2286 799 2346 caule
819 2283 951 2367 gracili,
975 2284 1062 2347 foliis
1081 2283 1187 2355 radi-Q

94 2371 212 2433 calibus
240 2371 400 2447 crabbus,
437 2371 659 2455 superioribus
689 2369 1039 2433 cordato-lanceolatis
1069 2371 1165 2433 sessi-

91 2459 192 2530 libus,
216 2459 329 2542 calycis
341 2458 424 2521 lobis
439 2455 731 2541 subinaequalibus,
756 2458 840 2517 binis
854 2457 1039 2520 lanceolatis
1054 2458 1164 2518 tubum

91 2547 232 2608 corollae
245 2547 462 2631 aequantibus,
476 2546 593 2608 ceteris
605 2542 778 2604 linearibus
794 2544 1008 2619 brevioribus,
1024 2545 1164 2607 corollae

92 2630 194 2699 5fidae
213 2649 383 2696 coronatae
401 2633 616 2695 semiuncialis
631 2645 812 2694 transverse
827 2633 997 2716 angulosas
1015 2633 1093 2694 tubo
1113 2652 1165 2716 cy·
1283 2641 1284 2644 ’

91 2719 243 2793 liudrico,
267 2727 377 2784 ovorio
398 2720 683 2804 oblongo-lineari,
708 2721 835 2803 capsula
854 2721 1002 2803 stipitata.
1021 2757 1065 2770 -
1086 2739 1117 2782 v.
1137 2739 1163 2784 s.

93 2826 139 2886 sp.
155 2806 188 2864 in
202 2807 292 2867 herb.
307 2809 414 2870 Cham.
429 2824 463 2870 et
476 2810 697 2889 Montpdreux.

111 2930 157 3001 Sy
170 2948 255 2984 non.
302 2933 336 2986 G.
356 2930 546 2988 lancisolia
564 2937 642 2986 Besa.
662 2935 716 3005 gal.
738 2943 761 2990 1.
781 2951 810 3004 p·
830 2939 890 2990 192.
909 2935 977 3002 (nec
997 2934 1107 3001 Rasa).
1128 2966 1163 2981 -

338 3005 387 3072 cg.
408 3004 427 3055 l.
447 3022 471 3056 c.
490 3023 518 3074 p.
538 3011 589 3062 248
609 3004 701 3071 (bons
720 3001 838 3071 desen).
855 3030 888 3045 -

302 3074 336 3127 G.
355 3075 544 3126 Amarella
565 3075 605 3126 M.
624 3076 657 3126 Β.
678 3084 701 3132 1.
721 3091 748 3142 p.
768 3078 829 3133 198.
847 3086 921 3131 auct.
940 3075 992 3148 ng.
1011 3101 1045 3117 -

302 3147 337 3199 G.
358 3144 557 3211 sylvestris
577 3145 614 3196 da
633 3145 731 3214 Brayl
750 3172 784 3185 -

302 3216 335 3270 G·
356 3215 523 3270 livoniae
542 3215 698 3269 Eschbnla!
721 3216 750 3269 in
769 3215 853 3271 herb.
874 3216 974 3273 Ghsm.
993 3245 1025 3257 -

179 3331 383 3393 Adumbr.
437 3331 574 3394 Habitus
603 3331 734 3394 omnino
762 3333 801 3394 G.
829 3334 1007 3396 Amarellae
1036 3355 1102 3396 var.
1131 3336 1164 3402 d.

91 3420 196 3481 Cauiis
226 3420 375 3491 strictus,
411 3417 555 3501 pedalis,
590 3443 607 3481 a
634 3420 702 3481 basi
729 3434 1028 3492 erecto-ramosus,
1064 3438 1164 3502 parce

91 3505 234 3583 foliatos,
262 3503 452 3568 internodiis
475 3506 551 3569 folia
573 3506 672 3588 duplo
696 3507 934 3569 excedentibus.
984 3507 1076 3569 Folia
1098 3508 1163 3570 ima

92 3592 202 3654 obtusa
219 3613 279 3655 nec
295 3592 484 3674 spathulata,
509 3594 740 3668 semiuncialia,
765 3595 886 3656 carlina
904 3595 1059 3657 obturata.
1103 3596 1163 3656 Ps-

91 3680 195 3741 nicula
217 3682 391 3762 composita
411 3680 539 3760 abipsa
560 3680 669 3741 radice
692 3680 866 3763 incipiens,
887 3679 1021 3744 floribus
1041 3680 1163 3763 longis-

91 3768 169 3827 sime
188 3767 387 3847 pedicellatis
402 3768 536 3828 arrectis
553 3780 655 3829 totum
673 3769 794 3829 caulem
810 3769 909 3831 dense
925 3768 1160 3854 obtegentibus.

89 3853 211 3936 Calycis
225 3854 293 3914 lobi
307 3856 415 3917 tubum
434 3855 532 3936 duplo
547 3868 744 3935 superantes,
764 3856 927 3936 longiores
941 3853 1160 3917 obtusiusculi.

90 3939 217 4002 Corolla
233 3941 330 4002 livide
344 3940 584 4014 coerulescens‚
609 3943 692 4003 sicca
706 3942 906 4005 subscariosa
921 3957 953 4004 et
967 3940 1160 4019 transversis

89 4027 178 4110 rugis
199 4026 340 4107 striata!;
363 4028 429 4090 lobi
450 4028 736 4090 ovato-lanescleti
757 4028 925 4092 acuminati
946 4042 1036 4090 extus
1056 4027 1161 4090 vires·

89 4129 213 4188 centes,
237 4114 320 4176 intus
337 4134 407 4176 com
424 4115 522 4177 barba
539 4115 690 4177 coerulei.
736 4115 890 4182 Ovarinm
906 4115 1051 4178 breviter
1067 4113 1159 4199 stipi·

90 4213 196 4263 tatum.
241 4201 369 4263 Semina
382 4198 509 4285 pallida.
791 4202 824 4278 J

135 4302 276 4351 Gsrsrsacs,
292 4303 471 4352 (lentissimum
485 4304 574 4365 Genera
587 4308 611 4352 et
623 4299 726 4359 emotas.
919 4365 932 4378 α
943 4288 987 4361 16
