2664 4746
171 252 216 321 80
543 249 740 314 Gentiuneue.
784 249 863 314 Just.

166 410 353 496 Myrtaceis,
389 410 570 482 Ficoideis‚
608 408 832 485 Acantbaceis,
858 409 1023 474 1111111111
1049 427 1081 475 et
1103 409 1230 472 Palmis.

165 501 313 584 Denique
339 498 420 559 haud
441 520 537 580 parva
560 498 728 560 diversitas
755 520 794 560 ex
815 500 914 560 auctis
934 498 1084 561 llorarum
1110 499 1230 560 divitiis

166 602 262 672 patet.
1039 601 1041 607 ’

251 675 280 735 G
290 694 306 733 1
316 695 334 732 n
344 689 353 732 t
363 672 396 733 ia
407 694 426 730 u
436 694 513 734 eae.
536 676 663 755 Europa
672 673 900 735 mediterranea
912 680 952 740 18
965 672 1155 735 Gentianeas
1163 672 1229 744 alit,

164 761 277 848 quibus
299 758 451 820 accedunt
479 761 603 842 species
630 761 804 838 (lxantbus)
833 762 944 824 insulis
975 749 1229 829 Canarieusibus,

120 845 123 851 ”
164 859 181 916 1
210 848 383 930 Erythraea
408 847 554 909 Azoricis
574 847 719 929 propria:
749 849 781 908 in
801 848 927 909 Madera
951 868 1028 909 vero
1052 869 1112 908 una
1130 867 1231 930 caque

166 937 303 1018 vulgaris
325 933 496 1015 Erythraea
522 936 602 996 lecta
624 949 679 994 est.
726 937 787 1016 Ipsi
810 938 957 1016 Europae
974 936 1138 999 australiti
1157 953 1231 1013 spe-

164 1025 231 1083 cies
258 1037 376 1083 tantum
398 1022 548 1102 propriae
568 1042 638 1081 esse
663 1021 811 1083 videntur
835 1030 855 1087 4
879 1020 1088 1103 Erythraeae,
1113 1021 1230 1081 Chlora

160 1108 374 1190 impersoliata
391 1123 423 1168 et
440 1107 589 1170 Cicendia
612 1108 785 1170 Candollei.
830 1112 963 1170 Ceterae
980 1110 1134 1174 scilicet4
1149 1110 1232 1190 Ery-

163 1197 309 1266 thraeae,
337 1204 356 1260 2
381 1194 566 1266 Cicendiae,
593 1196 817 1267 3Gentianae,
844 1204 860 1261 1
883 1195 1013 1268 Chlora,
1050 1200 1231 1276 tMenyan·

163 1282 306 1353 thideae‚
327 1303 435 1341 ornnes
451 1283 544 1344 etiam
560 1286 592 1344 in
611 1286 738 1365 Europa
755 1284 905 1364 cisalpina
925 1297 1104 1346 occurrunt.
1148 1285 1231 1346 Ver-

163 1393 216 1432 sus
229 1369 396 1430 Meridiem
419 1383 450 1429 et
463 1369 628 1431 Orientem
639 1371 778 1431 rariores
791 1368 885 1430 liunt:
912 1371 1097 1431 Mauritania
1106 1381 1228 1432 tantum

162 1467 181 1524 ξ)
204 1452 329 1538 species
350 1457 492 1537 profert,
514 1458 673 1541 Aegyptus
693 1466 731 1528 2,
763 1459 852 1539 Syria
866 1480 979 1536 unam3
1002 1457 1109 1540 ibique
1122 1458 1228 1518 81111-

161 1546 223 1605 tiae
242 1543 337 1625 plane
357 1558 557 1605 evanescunt.
604 1545 738 1606 Maxime
755 1545 932 1627 divulgatae
948 1558 1020 1605 sunt
1033 1545 1228 1624 Erythraeae

162 1653 188 1692 e.
221 1652 247 1691 o.
278 1635 314 1692 E.
341 1631 544 1692 Centaurium
575 1631 612 1691 ab
639 1628 751 1692 insulis
778 1631 1021 1694 Canariensibus
1045 1652 1105 1715 per
1129 1627 1228 1691 totam

161 1739 263 1802 paene
282 1716 403 1779 floram.

567 1894 619 1953 lll.
664 1891 814 1952 Asia.

247 2068 302 2142 30)
327 2065 450 2124 Flora
473 2064 640 2124 arabica
657 2065 742 2125 sch.
787 2067 880 2136 Flora
898 2065 1022 2148 persica
1041 2063 1141 2123 adhuc
1155 2062 1227 2123 fero

66 2179 68 2184 ·
161 2152 287 2233 ignota,
312 2148 393 2211 fines
414 2150 558 2211 arabicae
581 2152 719 2212 nondum
738 2151 942 2212 determinari
965 2151 1263 2233 possuntzetiam,
1320 2195 1322 2203 1

162 2260 252 2322 quarn
273 2239 446 2322 longinque
464 2236 544 2299 ssora
561 2238 835 2299 mediterraneam
849 2239 1031 2320 provincias
1045 2238 1138 2298 Asiae
1150 2257 1227 2318 pro-

160 2341 248 2387 tensa
271 2327 328 2397 sit,
357 2322 437 2385 haud
457 2340 565 2385 notum
587 2339 643 2386 est.
690 2331 756 2386 Neo
782 2327 901 2395 minus,
928 2345 1079 2409 quaenam
1098 2328 1161 2385 siut
1175 2345 1226 2384 11-

161 2413 273 2496 giones
298 2413 448 2476 montium
473 2414 610 2474 Arabiae
634 2426 666 2474 et
698 2412 822 2495 Syriae,
851 2412 978 2475 dubium
1004 2426 1066 2474 est:
1093 2424 1124 2472 at
1148 2431 1226 2472 vero

161 2500 301 2582 cognitio
316 2501 426 2560 harum
444 2507 598 2561 terrarum
615 2501 647 2560 in
663 2499 747 2561 diem
770 2501 868 2582 magis
883 2513 1024 2582 augetur.

194 2592 203 2598 “
247 2589 367 2648 Forsan
391 2584 470 2648 ssora
489 2588 612 2648 arabica
631 2585 720 2648 ssoris
741 2587 873 2668 tropicis
893 2588 1005 2648 melius
1023 2585 1224 2647 adscribitur.

160 2677 236 2734 Natu
254 2674 350 2733 series
363 2673 549 2733 familiarum
564 2676 597 2733 in
611 2672 690 2735 llora
705 2675 743 2733 cl.
763 2674 790 2733 F
792 2674 906 2746 orsltal,
925 2695 1005 2756 quae
1020 2679 1083 2741 620
1100 2671 1225 2753 speeies

159 2759 319 2829 continet,
355 2759 433 2820 haee
459 2774 524 2819 est:
559 2763 591 2838 1)
608 2761 839 2843 Leguminosae
855 2767 941 2837 10‚o;
969 2762 1004 2839 2)
1022 2759 1225 2840 Compositae

158 2854 230 2924 7‚5;
255 2849 291 2926 3)
320 2847 468 2906 Gramina
481 2852 550 2924 7,0;
578 2849 613 2924 4)
638 2846 899 2929 Euphorbiaceae
924 2853 996 2924 6,2;
1018 2850 1052 2926 5)
1073 2844 1226 2906 Acuntba-

159 2955 233 2995 ceae
250 2941 303 3001 6,0
313 2943 324 3011 3'
344 2935 378 3012 6)
396 2933 541 2994 Labiatae
559 2939 630 3008 4,0;
646 2938 680 3012 7)
699 2935 843 2995 Urticeae
855 2941 927 3013 3‚3;
943 2935 978 3014 8)
992 2932 1224 3014 Chenopodeae

159 3027 231 3096 3:23
265 3023 299 3099 9)
321 3022 587 3097 1111111113,ος
616 3025 670 3100 10)
699 3020 913 3104 Capparideae
935 3029 967 3095 2,
985 3033 1024 3093 53
1058 3022 1113 3098 11)
1133 3022 1226 3080 Ama-

159 3106 345 3168 ranthaceae
371 3114 443 3184 2,5;
466 3107 693 3184 12)8,οΙ111111
720 3115 784 3181 2,5.
836 3109 897 3168 His
926 3107 1080 3169 accedunt
1102 3111 1227 3189 Apooy.

158 3215 246 3256 noae.
293 3192 441 3254 Ceterum
468 3218 483 3252 a
508 3193 588 3255 ssora
605 3197 853 3267 mediterranea,
875 3193 960 3280 quod
981 3195 1059 3257 aliae
1075 3193 1222 3263 familiae,

158 3296 238 3366 qu'ae
254 3282 284 3340 in
301 3282 354 3340 illa
365 3279 488 3358 desunt,
500 3282 643 3364 tropicae
660 3283 820 3354 incedunt,
834 3283 1010 3363 discrepat:
1029 3303 1056 3358 e.
1073 3301 1100 3342 c.
1111 3284 1224 3365 Nycta.

158 3371 289 3449 gineae,
306 3368 612 3448 Menispermaceac,
632 3372 801 3451 Sapoteae,
822 3367 1082 3451 Malpighiaoeae.

245 3455 415 3516 Gentian
426 3475 466 3516 ea
478 3477 504 3516 e.
551 3457 683 3517 Swertia
700 3455 894 3516 decumbens
911 3455 991 3515 Vahl
1006 3471 1037 3517 ct
1048 3455 1223 3538 Erythraea

157 3545 281 3627 caspica
303 3563 341 3603 ex
357 3541 407 3600 his
423 3545 518 3604 terris
535 3544 611 3604 mibi
627 3558 721 3604 notae
738 3556 809 3604 sunt
822 3565 830 3602 t
844 3544 896 3604 illa
917 3539 1016 3604 florae
1031 3545 1171 3625 propria.

148 3663 156 3675 ·
235 3631 292 3705 31)
315 3630 435 3690 Flora
459 3631 635 3712 persica.

245 3716 519 3792 Gentianeae.
572 3718 726 3779 Gentiana
752 3716 887 3779 Olivieri
914 3730 945 3777 et
972 3715 1144 3799 Erythraea
1172 3738 1223 3779 cu.

157 3803 245 3885 spica
269 3801 302 3860 iu
324 3804 436 3864 Persia
454 3805 554 3865 lectae
571 3820 651 3868 sunt.

184 3950 187 3959 ,
243 3888 301 3965 32)
328 3890 454 3968 Flora
472 3891 564 3952 chin
575 3893 698 3952 ensis.
722 3891 818 3952 Fines
833 3889 1036 3952 determinari
1049 3907 1219 3976 nequeunt.
1242 3949 1247 3956 .

244 3976 329 4037 Gen
341 3975 471 4037 tianea
482 3999 508 4038 1,
547 3979 701 4040 Gentiana
718 3979 858 4062 aquatica
870 3981 965 4045 Lour,
980 3999 1082 4059 prope
1098 3980 1220 4042 Canton

157 4059 238 4123 lecta
254 4076 312 4124 est.
357 4065 406 4123 Ex
424 4065 556 4145 Japonia
570 4079 601 4125 ot
618 4065 715 4126 China
733 4066 853 4126 borcali
873 4073 891 4129 3
906 4065 1030 4146 species
1046 4064 1220 4156 Thunberg

159 4146 329 4236 descripsit
343 4160 365 4223 2
382 4150 532 4222 Swertiyy
548 4164 579 4218 et
595 4152 876 4223 Limnantltemunn
