2664 4746
416 196 590 309 canaam
596 238 757 330 familias
776 244 941 311 marolis.
1175 253 1198 319 7

135 412 272 465 mantea
288 400 478 467 continente.
523 404 559 485 2)
582 402 796 486 Parenelsyma
813 402 952 465 ermrius
972 400 1026 489 ’θ’
1043 423 1196 480 amasam,

135 489 262 552 cellulis
275 491 594 576 pleurencltymsticis
611 491 760 554 solitariis
776 491 940 574 inspersis.
982 492 1020 572 3)
1036 492 1199 555 Annalem

134 575 286 639 librarum
305 577 377 641 iere
395 580 551 654 clausum,
575 579 617 641 ita
636 592 670 640 ut
688 578 829 664 singulae
846 576 945 641 fibrae
963 578 1115 664 distingui
1132 602 1199 643 non

133 679 276 748 possent.
320 666 438 728 Fibrae
459 668 633 753 pleraeque
654 680 728 730 sunt
746 686 821 730 vasa
841 665 969 749 spiralia
989 667 1197 752 pleureneby·

134 766 217 815 mate
234 753 468 839 subaequaliter
485 754 734 819 circumvallata:
756 753 832 816 hinc
849 754 921 816 loco
937 774 1083 817 vasorum
1097 756 1197 838 spira.

131 839 209 902 lium
236 862 311 904 vasa
334 842 505 904 annularis.
551 844 588 923 4)
610 846 694 904 Intra
719 843 867 904 annulum
889 839 1098 926 parencbima
1122 838 1197 927 Μ’

133 928 259 990 cellulis
283 929 402 991 sensim
429 929 629 993 abbreviatis.
674 930 826 992 Centrum
848 927 966 990 format
986 920 1207 1012 parenobyms'

132 1011 178 1080 'lm
200 1015 618 1096 rhombododacae'drioum,
644 1015 802 1101 bine‘jam
832 1016 1037 1102 resorptione
1062 1030 1115 1080 aut
1144 1037 1198 1079 ex·

133 1104 306 1168 siccatione
329 1103 507 1168 evanidam.

221 1190 251 1274 §·
273 1197 304 1257 2.
349 1189 421 1278 Quo
440 1194 530 1257 altius
548 1192 707 1254 sectiones
725 1190 898 1256 internodii
915 1189 1131 1255 horisontales
1151 1191 1198 1250 in.

133 1280 258 1355 stituit,
283 1298 322 1357 eo
338 1281 438 1363 magis
453 1278 587 1342 formam
604 1280 710 1340 annuli
722 1278 847 1342 videbis
861 1293 1020 1340 mutatam.
1064 1280 1143 1339 Nam
1158 1298 1197 1340 ex

131 1381 200 1431 toto
223 1367 292 1451 ejus
313 1367 430 1429 ambitu
452 1368 566 1450 viginti
584 1364 685 1449 fibrae
709 1368 807 1450 magis
828 1366 991 1450 magisque
1012 1379 1101 1428 extus
1121 1386 1197 1447 pro-

132 1456 258 1526 siliant,
283 1454 395 1538 qualit
409 1472 443 1520 ut
457 1458 514 1517 sub
528 1456 599 1541 ipso
615 1456 699 1518 nodo
715 1456 846 1516 annulus
859 1452 1010 1515 fibrarum
1025 1454 1199 1536 aequaliter

132 1543 172 1605 sit
196 1548 404 1608 cononatus.
449 1545 539 1646 quae
563 1562 658 1629 quum
677 1543 711 1603 in
732 1541 818 1603 nodo
837 1541 875 1602 ab
898 1541 1012 1601 annulo
1033 1540 1126 1622 plane
1146 1539 1200 1622 ab-¹

133 1630 308 1708 solvantun'
330 1629 551 1713 duodeviginti
562 1631 596 1690 in
609 1630 815 1692 substantiam
832 1627 903 1688 solii
921 1627 1084 1711 utriusque
1098 1643 1199 1687 trans-

131 1731 221 1790 eant,
249 1717 330 1779 duae
347 1737 428 1780 vero
449 1738 570 1802 eaeque
590 1716 700 1778 nervis
725 1714 836 1775 mediis
859 1713 1009 1775 soliorum
1032 1714 1199 1796 oppositae

130 1805 164 1866 in
192 1825 330 1888 gemmas
355 1805 502 1865 atilianus
532 1824 570 1864 eo
597 1804 669 1864 loco
693 1801 860 1863 solitarias.
904 1800 1047 1862 Annulus
1067 1800 1139 1890 ipse
1159 1800 1197 1862 ad

131 1892 278 1974 superius
301 1890 517 1951 internodium
538 1888 701 1971 procedit,
725 1887 779 1948 ubi
800 1886 912 1949 codem
932 1886 1026 1948 modo
1045 1902 1196 1950 mutatur:

131 1997 283 2038 numerus
311 1990 430 2038 tanturn
461 1974 613 2037 librarum
641 1973 855 2036 secedentium
888 1995 927 2035 ex
954 1974 1136 2037 evolutione
1166 1989 1198 2037 et

131 2063 221 2123 locus
244 2060 298 2122 ubi
320 2063 457 2146 primum
482 2080 571 2127 extus
592 2064 776 2144 prominent
798 2082 837 2123 ex
858 2062 930 2122 lusu
951 2063 1031 2124 varii
1054 2078 1136 2126 suut.

220 2148 247 2229 §-
270 2154 300 2215 3.
328 2150 560 2234 ‘Parenebyma
591 2150 729 2213 exterius
756 2150 789 2209 in
819 2148 905 2212 nodo
933 2149 965 2209 in
993 2150 1197 2212 substantians

130 2236 278 2298 soliarem
294 2251 388 2322 atque
402 2239 433 2298 in
447 2237 657 2320 parenebyma
674 2237 816 2298 exterius
832 2237 1009 2320 superioris
1024 2237 1198 2301 internodii

131 2322 283 2397 discedit,
308 2346 371 2387 uno
389 2326 462 2387 loeo
482 2326 516 2386 in
537 2346 690 2408 gemmam
710 2324 834 2386 transit.

217 2411 245 2492 §.
269 2419 299 2482 4.
344 2413 434 2476 Folia
446 2415 595 2496 opposita
608 2413 677 2473 basi
689 2413 733 2473 ita
745 2425 879 2475 connata
895 2424 981 2484 sunt,
1004 2426 1039 2474 ut
1052 2411 1197 2495 vaginam

129 2498 285 2560 socialem
306 2515 392 2563 arcte
414 2502 495 2564 cauli
517 2499 757 2562 accumbentem
778 2499 935 2572 forment,
959 2519 1038 2581 quae
1056 2500 1198 2561 sectione

129 2587 323 2649 horizontsli
345 2588 551 2650 immediatim
574 2608 668 2670 supra
689 2585 808 2649 nodum
832 2587 973 2648 instituta
999 2608 1016 2647 a
1039 2587 1198 2669 superiori
1272 2664 1277 2670 ι

129 2675 313 2736 internodio
328 2674 453 2739 detrahi
467 2690 582 2760 potest,
595 2696 655 2760 qua
670 2687 817 2756 repetet,
831 2673 1005 2736 intermedii
1019 2674 1196 2756 superioris

130 2762 324 2848 vaginaeque
346 2766 482 2847 paginae
504 2763 669 2825 interioris
689 2761 906 2845 epidermides
925 2760 1045 2825 vicinas
1068 2760 1197 2847 quidam

129 2870 235 2935 neque
256 2871 336 2916 vero
359 2865 509 2914 cannatas
531 2870 612 2913 esse.

216 2935 246 3017 d.
269 2945 299 3007 5.
339 2940 448 3024 ltaque
463 2938 564 3001 librae
578 2940 657 3000 istae
673 2934 893 3022 duodeviginti
907 2937 1042 3020 primurn
1052 2937 1196 3021 vaginam

129 3024 279 3088 soliarem
300 3026 493 3106 pervadunt,
520 3026 551 3086 in
573 3042 635 3110 qua
656 3026 718 3086 ima
741 3046 845 3086 ramos
869 3025 1015 3088 emittunt
1036 3041 1129 3109 atque
1149 3025 1197 3087 in·
1278 3075 1282 3083 .

130 3113 234 3175 ricem
252 3125 449 3194 permut-ant,
473 3125 539 3174 tum
555 3132 633 3175 vero
652 3113 686 3172 in
704 3109 815 3175 decem
830 3110 928 3174 fibras
943 3112 1113 3195 ampliores
1130 3113 1196 3176 col·

129 3201 288 3284 ligantur,
312 3219 393 3283 quae
409 3198 466 3260 ubi
484 3199 614 3260 laminas
632 3199 764 3261 saliares
778 3200 898 3262 intrant
911 3201 944 3261 in
958 3214 1091 3286 utraque
1107 3201 1197 3287 quiss-

131 3306 195 3374 que
221 3307 338 3350 nervos
363 3287 518 3370 palmatos
544 3286 760 3349 constituunt:
792 3287 916 3349 medius
942 3291 1193 3353 anastomosibus

125 3375 264 3438 marimo
284 3388 393 3438 anctus
412 3390 537 3449 rectus,
558 3373 705 3436 laterales
723 3373 762 3436 ad
779 3394 923 3438 normam
939 3376 1196 3459 Monocotylado-

130 3482 260 3525 naas-um
274 3463 397 3526 curvati
410 3462 507 3525 ramis
521 3462 825 3526 anastomosantibus
838 3477 908 3524 rata
920 3464 1093 3526 connivens
1105 3485 1197 3546 prae«

129 3551 216 3613 bant.
245 3550 337 3613 Licet
350 3550 442 3613 nervi
457 3550 511 3612 isti
524 3550 670 3633 primarii
682 3551 715 3612 in
729 3550 881 3612 inferiori
891 3549 965 3615 folii
975 3553 1090 3636 pagina
1102 3551 1196 3615 valde

128 3638 348 3721 promineant,
370 3634 451 3700 fibra
470 3638 571 3720 ampla
589 3658 683 3724 quam
701 3637 866 3702 continent
882 3637 999 3701 sercin
1014 3641 1109 3723 plano
1125 3638 1197 3702 solii

130 3727 190 3788 sita
214 3744 279 3788 non
304 3726 372 3810 ipsa
396 3725 642 3809 prominentiam
669 3722 783 3801 eflicit,
812 3744 926 3791 verum
948 3740 1078 3792 stratum
1099 3728 1197 3792 triau-

130 3814 241 3899 gulare
263 3813 530 3897 perenchymatis‚
554 3813 639 3897 quod
660 3813 788 3876 inferne
808 3811 922 3875 libram
945 3815 1076 3900 obtegit.
1099 3833 1101 3837 ·
1188 3835 1200 3859 ⁴

217 3901 246 3981 §a
268 3908 300 3970 6.
345 3903 386 3964 Ut
410 3900 621 3985 parenebyma
644 3901 800 3974 exterius,
828 3901 871 3964 ita
886 3902 1062 3989 epidermia
1083 3901 1196 3966 folium

129 3987 277 4064 obducit,
306 4002 422 4053 mutata
446 4003 551 4055 tamen
578 3988 747 4072 insigniter
773 3989 842 4075 aius
869 3987 981 4055 forma.
1031 3995 1110 4053 Nam
1135 3990 1197 4059 etti

128 4079 265 4159 vaginae
291 4076 418 4140 saliaris
435 4077 627 4159 'epidermis'
644 4076 683 4163 ab
708 4077 881 4141 internodii
902 4075 1104 4164 epidarmide·
1127 4096 1196 4146 coss
1241 4108 1246 4122 ·

129 4164 263 4232 timna.
275 4178 341 4240 ass.
371 4163 478 4228 aetite
497 4160 554 4228 ubi
572 4164 776 4233 lanam-tetii
789 4166 969 4234 absortus
985 4169 1197 4255 ramentas
