2664 4746
132 286 177 351 aa
480 245 699 363 ,aarum
742 277 824 342 nn

133 439 232 522 magis
251 436 475 500 considerandi
497 430 586 512 sint,
617 459 708 522 quam
735 439 769 499 in
797 438 979 521 temperatis
1002 440 1113 512 nonis,
1139 439 1198 499 nbi.

133 543 196 588 tam
209 527 291 588 varii
305 539 383 586 sunt.
428 526 534 587 Etiam
549 527 649 607 magia
665 525 710 586 ibi
723 544 856 608 regnum
881 525 1059 608 vegetabile
1080 527 1116 586 in
1129 547 1197 586 mo-

131 627 236 674 mente
252 627 383 674 externa
399 633 544 694 reagere,
579 613 814 674 conditionibus
842 613 925 674 vitae
947 613 1117 674 etiamnum
1140 614 1198 672 mi.

131 701 216 761 nime
232 701 356 762 mutatis
372 698 644 783 physiognomiam
662 701 764 762 statim
787 714 819 763 et
834 697 946 760 liorem
961 699 1199 764 diversissimas

133 787 274 868 prodire,
299 787 481 850 observavit
501 788 534 847 in
554 787 669 848 itinere
686 806 743 849 sno
762 787 800 848 cl.
816 787 969 869 Poeppigt
1016 788 1200 848 Permultae

129 875 240 935 harum
259 874 494 948 diversitatum,
520 896 598 958 quae
619 875 703 935 inter
718 873 816 936 floras
831 876 970 956 tropicas
991 888 1023 936 et
1041 890 1200 936 extrutro-

128 962 217 1044 piens
235 962 449 1034 intercedunt,
470 983 533 1023 non
552 975 672 1023 tantum
691 962 847 1022 valentin
864 961 1054 1043 planitiebus
1074 963 1200 1032 calidis,

130 1070 241 1111 verum
255 1049 427 1110 ascendunt
448 1048 483 1109 in
497 1048 614 1129 frigida
635 1049 771 1109 Andium
787 1052 951 1113 cacumina
963 1060 1200 1130 temperaturae

130 1135 315 1220 aequalitas,
336 1137 430 1218 vigor
444 1137 619 1217 plantarum
638 1137 882 1197 suatinensem.
915 1138 1029 1197 Nonne
1043 1135 1121 1196 haee
1136 1150 1198 1199 sta-

129 1223 186 1286 tim
210 1222 424 1283 differentiam
448 1224 640 1306 singularem
659 1220 758 1284 florae
778 1221 997 1284 Andicolacut
1018 1224 1200 1284 arctico-al-

128 1311 221 1391 pinae
245 1310 424 1392 explicant?
458 1310 588 1371 eaedem
611 1330 712 1392 paene
729 1309 885 1382 familiae,
919 1331 984 1371 non
1003 1331 1064 1370 una
1086 1310 1199 1372 eadent

129 1397 269 1480 speeies:
308 1395 382 1456 dum
403 1397 437 1456 in
463 1397 595 1478 Alpibus
623 1397 772 1459 sibiricae
799 1411 831 1457 et
860 1397 997 1458 arcticae
1025 1398 1222 1478 species*

128 1483 225 1544 bino
248 1482 343 1544 inde
367 1485 484 1562 iterum
505 1499 691 1558 occurrant,
716 1505 781 1544 non
800 1505 860 1544 una
880 1484 915 1544 in
933 1483 1200 1568 Andibun'quan.

128 1587 194 1632 tum
213 1571 281 1633 seio
307 1570 494 1633 observatur
514 1572 659 1652 species,
693 1591 773 1655 quae
792 1584 894 1632 terras
913 1571 1126 1653 Hudson-Bay
1145 1573 1198 1632 'vel

129 1672 254 1720 montes
275 1659 414 1721 Uniones
437 1660 486 1720 vel
511 1659 574 1719 imo
595 1657 707 1719 ssoram
724 1658 860 1739 alpinam
879 1658 1033 1720 montium
1050 1658 1197 1740 scopulo-

130 1767 238 1806 sorum
255 1744 330 1806 inde
345 1767 362 1805 a
377 1745 549 1808 California
567 1759 673 1817 ornat,
698 1766 885 1830 quamquam
898 1745 933 1804 in
948 1747 1020 1810 altis
1037 1744 1118 1806 locis
1133 1748 1197 1806 Iso.

32 1903 36 1912 ι
127 1833 270 1893 thermae
287 1831 415 1892 eaedem
438 1847 644 1915 repetuntur:
673 1831 829 1894 accedunt
845 1831 879 1892 in
899 1832 1042 1895 Andibus
1059 1828 1195 1914 tropicis

127 1919 264 1980 familiae
281 1919 312 1978 in
331 1920 458 1981 aretinis
476 1919 643 1992 inauditae,
668 1919 807 1980 inaudita
826 1940 953 2002 genera,
978 1921 1194 1982 communium

128 2027 279 2090 generum
307 2008 432 2087 speeies
459 2008 579 2068 similes
606 2019 638 2067 et
666 2005 822 2068 diuersae·
875 2008 924 2066 En
951 2007 1046 2067 simili
1069 2009 1196 2068 ratione

128 2095 166 2154 cl.
184 2092 292 2156 vvebb
310 2107 342 2153 et
360 2093 539 2157 Barthollet
555 2093 705 2175 regiones
723 2095 908 2173 superiores
923 2093 1107 2161 Teneriffae
1121 2114 1195 2154 oum

126 2180 309 2242 borealibus
328 2182 505 2261 comparari
519 2200 625 2262 posse,
649 2177 730 2239 haud
748 2181 869 2262 ubsque
884 2181 1008 2243 ratione
1023 2197 1195 2262 negarunt.
1228 2226 1238 2232 -

127 2267 222 2364 Quod
254 2266 427 2328 Gentianae
456 2268 539 2329 bene
578 2267 737 2327 illustrare
764 2262 930 2328 videntur:
960 2269 1002 2329 ita
1036 2268 1194 2328 Gentiana

127 2353 447 2425 ocbroleucaFroel.‚
472 2355 542 2416 sere
558 2354 596 2414 ab
616 2352 790 2416 Isotberma
807 2359 840 2416 0⁰
860 2375 960 2439 usque
978 2354 1016 2414 ad
1030 2354 1191 2422 Floridam

127 2456 272 2513 extensa,
304 2441 449 2502 canceris
462 2443 615 2503 circulum
630 2461 670 2501 ne
682 2441 714 2499 in
727 2440 886 2502 montibus
900 2441 1028 2524 quidem
1043 2456 1190 2524 superat:
1205 2445 1207 2449 ’

126 2527 377 2591 Ilamtscltaticae
391 2529 590 2591 fereomnes
611 2529 643 2590 in
658 2528 818 2588 montibus
840 2529 986 2601 Altaiois,
1019 2530 1193 2590 nonnullae
1221 2560 1229 2575 ·

125 2616 158 2676 in
173 2617 487 2697 Roclty-Muuntains
504 2628 709 2697 repetuntur:
739 2612 773 2674 'et
796 2613 829 2672 in
849 2615 991 2677 Andibus
1009 2616 1087 2677 etin
1100 2638 1190 2677 mou-

125 2703 211 2765 tibus
234 2702 351 2763 Indicis
370 2701 442 2764 illae
463 2703 594 2775 desunt,
624 2701 767 2785 quamvis
788 2701 965 2764 simillimae
991 2704 1116 2785 speeies
1135 2724 1190 2764 oc-

126 2803 272 2850 current:
301 2788 344 2850 ita
366 2791 404 2851 G.
423 2789 589 2872 *zeylanicu
611 2789 732 2850 altaieis
752 2789 942 2873 arcticisqua
956 2789 1086 2862 formis,
1119 2812 1146 2850 o.
1159 2811 1188 2852 e.

125 2879 164 2938 G.
183 2889 362 2958 prostratae
383 2877 445 2936 Ht.
472 2876 662 2958 persimilis,
694 2889 725 2936 at
745 2875 910 2950 distincta,
940 2899 1126 2961 quamquam
1148 2879 1186 2940 Gt
1226 2905 1229 2908 ⁴

124 2978 279 3047 prostrata
292 2963 385 3025 etiam
400 2963 433 3023 in
454 2963 695 3044 extratropicis‚
719 2963 901 3024 antarcticis
925 2963 1110 3038 Ameriam,
1135 2966 1191 3025 ob.

124 3053 175 3115 via
190 3065 247 3112 est.
294 3051 416 3146 Quibus
432 3050 578 3111 omnibus
592 3049 718 3110 facilem
735 3049 979 3130 explicationem
991 3053 1190 3113 administrat

65 3163 72 3183 r
124 3139 242 3221 tropici
263 3138 398 3200 climatis
414 3137 564 3210 indoleat
586 3137 680 3198 etiam
701 3137 736 3196 in
757 3138 887 3199 summis
900 3139 1060 3201 montibu-s
1078 3159 1188 3200 neces-

124 3227 208 3290 sarie
227 3226 372 3306 repetita.

211 3313 335 3408 Quibus
349 3333 444 3395 quum
468 3310 729 3392 sempervirentie
747 3308 846 3372 florae
865 3311 1117 3373 mediterraneae
1133 3309 1189 3371 de-

123 3420 200 3462 cora
217 3399 664 3482 nostrasrepinusopponere
682 3396 778 3471 velis,
802 3400 995 3483 quae·etiam
1012 3413 1073 3481 per
1088 3413 1187 3459 totum

122 3510 235 3549 anunm
255 3485 365 3570 vigere
390 3485 576 3557 videantur,
606 3484 684 3546 baec
705 3506 768 3546 non
790 3486 832 3547 ita
856 3506 926 3547 sese
948 3485 1067 3546 babere
1090 3486 1187 3547 docet

121 3593 197 3658 prae
213 3574 283 3636 aliis
303 3573 447 3635 ascensio
466 3574 554 3634 suoei
570 3571 660 3633 verni
681 3571 858 3647 subitanea,
888 3571 1044 3634 docerent
1060 3575 1186 3656 experi-

122 3674 225 3724 menta
247 3659 287 3732 de
309 3662 338 3724 vi
360 3662 538 3741 vegetativa
562 3675 741 3751 nostrarum
765 3658 1062 3742 sempervirentium
1079 3662 1186 3741 perio-

123 3750 192 3811 dica
209 3747 416 3809 institnenda:
440 3749 542 3833 qualia
561 3760 665 3807 autem
687 3746 833 3830 inprimis
855 3747 886 3806 in
910 3748 1041 3830 tropicis
1062 3747 1186 3809 deside-

123 3851 246 3907 rantur,
275 3856 492 3918 quamquama
514 3834 811 3917 peregrinatoribus.
828 3835 882 3895 vir
901 3835 1023 3896 institui
1040 3850 1183 3916 possunt.

120 3927 189 3984 Jam
210 3943 288 3986 vero
309 3923 347 3982 cl.
369 3922 528 4003 Poeppig,
563 3936 704 4004 tempora
726 3919 864 3983 ssorendi
888 3920 1035 3981 interris
1061 3919 1183 3982 flumini
1255 3966 1257 3971 ¹

120 4012 274 4093 Hnallaga
292 4008 407 4071 vicinis
424 4031 483 4090 per
501 4022 600 4069 totum
628 4030 743 4069 annum
765 4006 934 4069 distributa
955 4028 1044 4081 esse,
1075 4010 1183 4071 obser-

122 4098 221 4170 tavit,
244 4097 373 4181 quibus,
403 4109 517 4177 quanta
538 4096 603 4156 sint
626 4095 659 4155 in
679 4096 728 4156 bis
751 4094 905 4158 anostris
929 4095 1024 4156 terris
1049 4116 1108 4157 nec
1130 4117 1184 4156 ex.

45 4221 47 4227 ·
120 4185 221 4266 ceptis
247 4182 548 4269 semperrirentibus
570 4182 768 4259 discrimina,
798 4180 1041 4248 demonstratur.
1091 4185 1182 4278 Quae
