2664 4746
166 285 229 348 136
569 270 838 357 Erythraeuceac.

85 476 87 481 »
169 432 345 505 deciduus,
379 431 575 514 stigmatibus
609 431 706 494 variis
733 432 859 499 (eorum
888 432 990 493 forma
1023 450 1117 512 saepe
1147 429 1237 501 ludit,

168 521 308 583 corollae
337 519 427 580 color
458 519 642 603 nunquam).
692 522 825 602 Capsula
852 519 1074 593 uniloeularis,
1103 518 1123 577 l.
1145 519 1239 578 semi.

165 605 366 678 bilocularis,
390 606 546 690 placentis
562 607 743 689 spongiosis
755 607 976 688 parietalibus‚
999 606 1018 664 l.
1032 603 1134 665 rarius
1146 605 1239 665 unica

169 693 303 756 centrali
325 692 426 753 libera
447 692 642 754 bilocularis.
687 694 813 755 Semina
836 693 991 777 placentis
1014 694 1172 754 immersa.
1195 728 1239 741 -

168 781 294 842 Incolae
311 780 514 861 planitierum
534 780 699 866 utriusque
717 803 816 842 zonae
835 795 1043 864 temperatae,
1067 798 1186 862 paucae
1205 781 1239 839 in

170 867 359 949 tropicis-
383 868 553 928 Amarities
569 887 632 928 non
650 890 770 951 magna.

258 953 450 1014 Habitus.
495 954 681 1015 Herbaceae
697 976 833 1027 annuae,
858 955 961 1016 rarius
976 973 1150 1036 perennes,
1174 951 1241 1035 ple-

171 1061 306 1126 rumque
335 1039 711 1123 spithameae-uncialcs,
744 1041 896 1128 graciles,
926 1041 1014 1102 caule
1043 1039 1238 1113 dichotcmo,

171 1129 267 1190 ramis
286 1125 399 1188 florem
419 1128 616 1189 terminalem
638 1130 736 1190 caulis
757 1128 989 1212 superantibus.
1034 1129 1148 1189 Flores
1166 1127 1258 1188 late·

170 1216 254 1278 rales
269 1214 457 1298 plerumque
469 1213 557 1275 foliis
571 1214 736 1277 floralibus
752 1215 882 1278 suffulti.
928 1214 1056 1278 Corolia
1073 1214 1238 1276 xautbino!

170 1317 288 1366 tantum
308 1302 384 1363 solis
404 1302 522 1362 lumine
541 1317 659 1384 aperta.

258 1388 508 1450 affinitates.
554 1389 703 1450 Cicendia
722 1391 866 1472 proxima
887 1389 1056 1451 Sarothrae
1075 1388 1241 1471 Hyperici-

171 1497 312 1538 nearum.
357 1477 424 1536 Nec
447 1474 583 1538 affinitas
609 1497 679 1537 cum
698 1477 906 1538 Primulaceis
934 1476 1119 1562 quibusdam
1142 1476 1241 1558 negli-

172 1563 292 1650 genda,
317 1565 437 1625 Sebaea
458 1564 550 1625 etiam
569 1565 744 1646 placentam
766 1566 939 1627 neutralem
960 1588 977 1625 a
997 1564 1129 1626 valvulis
1153 1584 1242 1646 sepa-

170 1667 270 1714 ratam
297 1651 449 1713 imitante.
474 1690 516 1702 -
552 1654 638 1713 lntcr
662 1652 854 1714 Gentianeas
876 1653 1094 1715 Centaurcllae
1116 1650 1241 1711 habitus

172 1738 343 1802 Cicendiae
370 1737 510 1811 accedit,
525 1817 526 1820 Ἴ
544 1753 647 1800 tamen
667 1739 903 1801 ramilicationis
922 1739 1044 1814 indole,
1075 1753 1109 1800 ut
1131 1759 1241 1798 omnes

172 1826 370 1896 Swertieae,
406 1825 643 1898 diversissima,
680 1842 745 1889 tum
779 1827 920 1889 corollae
950 1827 1177 1889 marcescentia
1210 1840 1242 1886 et

172 1913 318 1994 capsulae
338 1927 512 1992 structura3
537 1929 600 1975 tum
622 1914 766 1996 Hippion
786 1914 982 1999 proximum,
1007 1913 1098 1973 etiam
1121 1913 1242 1974 corolla

173 2023 265 2082 supra
282 2000 440 2082 capsulam
453 2015 546 2072 torta,
564 1999 803 2064 inllorescentia
816 2024 851 2064 ac
864 1998 1091 2064 ramificatione
1107 2001 1242 2062 maxime

172 2088 352 2166 diversum3
375 2086 416 2149 cf.
435 2088 529 2149 etiam
544 2087 705 2150 chtoreas.

251 2249 254 2252 -
297 2276 360 2341 XI.
405 2274 637 2362 Erythraea
661 2276 755 2342 Ren.
780 2281 905 2364 (Spec.
929 2286 982 2346 77.
1006 2295 1027 2341 t.
1051 2281 1118 2360 76).

194 2392 357 2472 ¹(Gentiana
375 2399 408 2453 L.
430 2427 461 2437 -
482 2399 622 2454 Chironia
644 2401 690 2454 W.
713 2430 745 2439 -
765 2399 1020 2472 Hippocentaurea
1039 2399 1148 2452 Schult.
1169 2399 1215 2464 -)

260 2525 470 2608 'changen
517 2525 644 2598 Flos5,
668 2530 805 2591 almerus.
845 2523 1144 2606 Sepalasublibera.
1182 2527 1242 2585 Co-

172 2615 253 2677 rolla
267 2611 585 2674 infundibuliformis.
619 2613 781 2674 Antherae
795 2628 929 2688 erectae,
944 2613 1088 2692 spirales.
1123 2611 1243 2693 Stigma

172 2700 396 2762 hilamellatum
424 2714 477 2758 aut
504 2698 685 2759 indivisum.
731 2700 865 2780 Capsula
885 2700 1088 2760 uniloeularis
1109 2699 1129 2759 l.
1150 2699 1244 2759 semi-

172 2786 368 2850 bilocularis.
383 2823 425 2834 -
449 2785 595 2847 Corollae
612 2786 705 2847 tubus
722 2785 848 2847 demum
864 2807 1074 2868 papyraceus,
1098 2787 1243 2867 ruptilis;

86 2950 88 2956 Ι
173 2874 241 2938 lobi
270 2873 395 2933 demum
423 2873 518 2942 torti,
551 2873 728 2945 latiusculi,
760 2873 983 2945 obtusiusculi,
1013 2874 1089 2934 tubo
1117 2878 1243 2954 saepius

176 2961 274 3042 duplo
288 2960 467 3022 breviores.
510 2960 665 3020 Genitalis
679 2976 812 3022 exserta.
856 2962 944 3021 Folia
958 2962 1242 3030 connato-sessilis,

177 3049 402 3110 obtusiuscula.
450 3047 555 3107 Caulis
571 3046 806 3130 subaugulatus.
821 3082 859 3094 —-
886 3050 994 3110 Genus
1010 3071 1069 3132 per
1081 3051 1242 3129 Europam

172 3134 307 3197 mediam
329 3148 360 3195 et
377 3135 504 3195 Floram
526 3134 790 3196 mediterraneam
809 3137 954 3218 inprimis
975 3136 1170 3218 dispersum,
1195 3156 1244 3195 re·

173 3235 395 3305 praesentatur
413 3222 506 3281 etiam
528 3224 560 3281 in
576 3222 651 3282 Asia
670 3237 701 3284 et
719 3222 842 3284 boreali
860 3238 892 3284 et
908 3225 1031 3305 tropica
1048 3223 1244 3303 subtropica-

176 3330 258 3394 que‚
289 3310 321 3368 in
344 3309 452 3370 Africa
473 3309 596 3390 tropica
618 3323 650 3370 et
672 3309 855 3392 subtropica
876 3311 1016 3388 boreali,
1045 3313 1076 3370 in
1097 3311 1243 3372 America

172 3396 296 3459 boreali
315 3411 346 3457 ct
364 3396 520 3457 Australia
540 3396 733 3479 subtropica.

261 3483 361 3545 Sect.
382 3487 405 3544 l.
451 3478 733 3566 Euerytbraea.
780 3485 1023 3564 Corollarosea,
1048 3486 1149 3546 rarius
1164 3485 1244 3547 alba.

174 3567 280 3651 Stylus
292 3569 428 3654 integer,
447 3571 601 3652 stigmatis
615 3572 748 3633 lamellis
762 3571 905 3632 ovalibus
920 3572 939 3632 l.
956 3572 1099 3655 globosis
1116 3574 1245 3655 (stigma

173 3656 382 3741 leobcsum:
418 3657 520 3721 forma
538 3659 571 3718 in
596 3660 739 3729 sectione
762 3659 949 3738 variabilis).
1005 3660 1244 3722 lnssorescentia

175 3743 335 3806 multoties
352 3744 549 3818 dichotoma,
573 3744 708 3808 {loribus
724 3746 933 3828 pedicellatis.
947 3785 991 3797 -
1011 3750 1095 3809 Pace
1109 3748 1244 3808 aliorum

175 3832 365 3901 sententiae,
389 3834 504 3914 calycis
519 3833 684 3917 longitudo
698 3834 828 3896 relativa
844 3836 981 3917 optimos
996 3834 1035 3895 ad
1046 3834 1244 3918 distinguen-

174 3919 229 3980 das
252 3932 298 3979 sat
319 3917 486 3980 variabiles
510 3922 635 4001 species
660 3922 860 3984 characteres
884 3921 1033 4004 praebet,
1064 3923 1091 3982 si
1115 3918 1243 4006 quidem

173 4021 297 4088 tempus
315 4005 505 4066 evolutionis
524 4009 586 4068 rite
602 4009 806 4088 consideras3
832 4011 892 4071 etsi
907 4010 994 4091 calyx
1007 4025 1079 4071 ante
1096 4009 1240 4070 anthesin

173 4094 310 4175 longior,
326 4106 399 4176 post
412 4093 557 4155 anthesin
572 4095 686 4162 iterum
703 4097 831 4181 longior
846 4110 905 4171 est,
921 4110 1025 4171 tamen
1045 4097 1103 4157 sub
1119 4097 1243 4172 anthesi¹

172 4201 237 4242 non
257 4194 403 4245 mutatur.
421 4216 464 4234 -ι
