2664 4746
122 243 164 339 18
318 341 321 348 Ι
495 238 685 317 Gentiuneue
726 237 817 319 'lass'

127 423 282 477 structura
306 426 337 474 et
365 409 473 497 babitu
496 415 630 477 maxime
658 416 787 501 analoga
820 417 861 479 sit
883 415 1073 499 perquirere
1096 410 1190 476 velita

127 498 253 582 saepius
275 498 359 559 haud
387 498 507 584 absque
538 501 643 564 fructu
673 525 713 565 ex
735 503 922 586 vegetativis
945 498 1195 576 characteribus,

126 585 242 671 quibus
264 585 390 648 babitus
413 587 586 670 praecipue
603 588 844 661 determinatur,
869 588 1064 651 exordietur.
1111 588 1196 649 Gen-

128 673 241 736 tianeis
264 671 341 734 lolia
363 673 508 755 opposita
533 677 708 759 vaginantia
730 677 854 760 integra
872 677 1079 761 integerrima
1102 675 1196 737 exsti·

125 760 229 839 pulata
253 779 329 843 prae
352 761 423 821 aliis
441 762 572 843 propria
596 778 666 825 sunt
691 763 965 848 Gentianeumque
983 761 1124 824 habiturn
1147 762 1196 821 in-

126 847 241 930 primis
264 867 340 929 prae
364 868 398 908 se
422 846 538 910 ferunt.
585 851 692 911 'l'alem
719 865 821 913 autem
844 847 994 911 foliorum
1019 849 1198 910 conforma·
1258 923 1261 931 Ι

125 933 245 995 tionem
273 935 307 994 in
338 933 544 1016 sequentibus
573 935 703 996 familiis
732 937 838 1022 iisque
872 932 1093 999 exallinitate
1124 956 1195 997 cum

127 1021 313 1084 Gentianeis
337 1019 557 1083 enumerandis
580 1023 672 1086 licuit
693 1022 772 1084 mihi
792 1025 980 1085 examinare.

170 1162 194 1220 l.
227 1153 449 1234 Familiae,
487 1179 589 1242 pirae
620 1151 881 1242 affinitatem
912 1158 1150 1222 riatur-alem

392 1265 473 1304 eum
504 1243 739 1308 Gentiuneis
766 1245 929 1309 sistunt.

214 1367 249 1445 1)
279 1366 689 1430 Polemoniacearum
719 1369 857 1448 Phlox.
904 1371 1027 1433 Ceteris
1057 1367 1196 1432 familiae

126 1454 300 1538 genetibus
322 1453 400 1515 folia
423 1454 553 1539 quidem
583 1457 760 1538 saginantia
783 1457 932 1540 (excepta
955 1456 1130 1535 Caldasia),
1166 1474 1195 1518 at

126 1542 262 1616 alterna,
285 1541 389 1604 rarius
414 1541 553 1624 integra,
577 1543 766 1627 plerumque
781 1540 983 1627 pinnatifida,
1007 1544 1099 1606 etiam
1122 1543 1196 1605 fere

127 1629 264 1711 pinnata·
309 1629 455 1691 Ceterum
479 1629 595 1690 familia
619 1631 768 1694 convenit
790 1652 861 1693 cum
884 1632 1070 1694 Gentianeis
1093 1651 1196 1690 ramo·

127 1735 198 1776 rum
226 1714 353 1790 indole,
391 1715 598 1779 aestivatione
629 1718 768 1780 corollae
804 1717 1004 1781 dextrorsum
1036 1718 1196 1780 contorta!

128 1803 249 1863 corolla
267 1804 468 1884 monopetala
492 1805 627 1884 5partita
646 1804 785 1888 regulari
807 1804 983 1889 bypogyna,
1009 1803 1193 1866 staminibus

128 1887 315 1970 epipetalis,
340 1888 514 1969 embryone
537 1891 680 1963 centrali,
704 1892 835 1953 seminis
858 1891 1047 1953 albuminosi
1072 1891 1192 1975 integu-

127 1989 234 2050 mento
258 1976 413 2056 simpliei3
436 1974 561 2036 accedit
579 1977 744 2060 plerisque
761 1980 840 2060 stylo
863 1979 1014 2042 distinete
1036 1979 1194 2040 terminali

21 2112 24 2118 .
129 2059 266 2123 deciduo
292 2077 324 2124 et
346 2061 471 2143 capsula
494 2081 553 2143 per
576 2077 698 2123 suturas
722 2065 913 2135 valvularum
931 2063 1120 2127 secedentes
1143 2064 1197 2126 de-

49 2155 51 2160 '
128 2147 281 2211 hiseente·
327 2148 429 2231 Magis
451 2148 574 2208 aceedit
590 2147 693 2209 Phlox
712 2152 806 2212 evulo
829 2152 988 2234 antitropo
1013 2152 1060 2224 (in
1078 2153 1197 2213 ceteris

128 2235 256 2300 ovulum
279 2235 532 2319 amphitropum‚
563 2234 661 2316 rapbe
684 2235 887 2313 abbreviata,
917 2239 1018 2299 hilum
1041 2239 1074 2298 in
1096 2239 1197 2300 latere

127 2336 228 2389 testae
250 2323 399 2386 incurvae
421 2322 549 2400 situm),
573 2337 605 2384 et
627 2321 731 2394 foliis,
757 2325 851 2386 ctiam
868 2324 976 2387 habitu
999 2340 1030 2387 et
1051 2322 1198 2386 inflores-

128 2409 252 2485 centu,
293 2423 385 2493 atque
417 2410 594 2490 proximum
623 2407 751 2474 videtur
772 2431 873 2495 genus
897 2410 1078 2492 Lisyantbo.
1123 2407 1198 2473 Dis-

130 2495 316 2580 tinguuntur
353 2495 616 2559 Polemoniaceaa
654 2498 804 2578 placenta
841 2499 1012 2584 originitus
1052 2500 1197 2573 centrali,

130 2580 369 2664 dissepimentis
397 2585 544 2666 capsulae
573 2605 632 2666 per
655 2604 771 2646 nervos
797 2587 952 2649 valvarum
977 2585 1101 2649 medios
1124 2604 1197 2647 eum

129 2669 254 2753 angulis
272 2672 436 2752 placentae
454 2685 605 2733 connatos
621 2669 765 2732 formatis
789 2672 910 2756 (itaque
934 2672 1130 2736 dehiscentia
1148 2695 1198 2735 est

129 2755 313 2826 loculicida,
359 2769 390 2819 at
418 2757 552 2819 aliorum
590 2756 807 2820 dehiscentiae
836 2757 1012 2840 septieidae
1040 2760 1195 2842 analoga),

130 2841 371 2924 cotyledonibus
408 2838 566 2916 soliaceis,
610 2843 785 2906 seminibus
828 2848 944 2928 pulpae
987 2847 1196 2909 tracheiferao

130 2928 252 3008 (Lindl.
281 2933 394 2994 Botan.
422 2934 503 3015 Reg.
531 2931 630 3009 1166)
660 2932 837 3009 immersis,
873 2933 994 3015 polline
1024 2935 1194 2996 caeruleo:

128 3017 284 3100 plurimae
313 3039 412 3100 porro
449 3018 558 3081 ovario
589 3017 761 3084 triloculari
801 3020 1064 3106 stigmatibusque
1093 3020 1195 3084 tribus

130 3103 221 3182 (novi
244 3104 359 3169 Gitiam
390 3104 473 3166 baud
496 3103 705 3187 descriptam,
743 3106 777 3167 in
807 3108 889 3172 hort.
913 3107 979 3171 bot.
1003 3107 1110 3171 Berol.
1133 3108 1200 3170 cul·

129 3205 209 3252 tam:
233 3192 360 3272 capsula
382 3189 567 3264 biloeulari,
592 3193 733 3274 placenta
750 3193 927 3279 biangulata
942 3196 1104 3278 applanata
1123 3214 1195 3252 ner-

129 3278 179 3342 vis
202 3278 394 3340 valvularum
418 3277 533 3340 mediis
556 3277 699 3357 adnata):
738 3301 849 3344 omnes
878 3305 894 3342 a
922 3281 1086 3363 plerisque
1109 3280 1193 3337 Gen·

130 3363 245 3427 tianeis
262 3365 380 3426 corolla
397 3363 547 3437 desidua,
571 3364 752 3429 funiculisa
770 3368 912 3448 placenta
924 3364 1092 3435 distinctis,
1115 3363 1194 3425 aliae

131 3450 306 3514 seminibus
329 3451 488 3514 solitariis.
535 3458 560 3499 Γ

218 3538 254 3616 2)
279 3538 630 3602 Columelliaceac·
665 3537 711 3600 Cl.
728 3536 862 3618 Lindley
884 3535 960 3613 (nat.
979 3552 1051 3618 syst.
1066 3559 1097 3620 p.
1116 3540 1195 3617 939)

131 3624 340 3700 Bolivariam,
374 3648 465 3708 quam
488 3626 693 3688 Menodoram
717 3646 789 3687 esse
812 3623 918 3688 statuit
940 3619 1155 3698 llumboldtii‚
1179 3648 1196 3685 a

132 3711 341 3785 Columellia,
360 3714 411 3773 cui
432 3712 622 3795 adposuerat
637 3713 675 3773 el.
691 3713 782 3786 Bon,
806 3712 960 3796 relegavit
973 3727 1066 3798 atque
1081 3715 1196 3775 iterum

132 3797 300 3860 Jasmineis
324 3798 511 3882 adscripsit,
545 3798 720 3875 rationibus
749 3797 877 3884 quidem
908 3798 992 3873 haud
1014 3801 1133 3872 allatis,
1167 3815 1197 3860 at

134 3883 360 3948 verosimiliter
389 3887 493 3969 calyce
524 3885 628 3949 insero
658 3902 689 3949 et
724 3883 864 3948 antheris
893 3885 1121 3962 biloeularibus
1154 3887 1200 3946 in-

135 3970 256 4035 ductus.
301 3973 335 4031 In
353 3969 594 4043 dissertatione,
619 3995 714 4058 quum
735 3991 794 4035 nec
813 3973 1030 4035 Columelliam
1046 3974 1196 4036 vidissem

133 4079 194 4117 nee
217 4058 456 4121 observationes
480 4061 517 4118 el.
534 4061 607 4120 Don
630 4061 708 4123 mihi
730 4061 765 4121 in
785 4075 936 4142 promptu
959 4058 1111 4131 fuissent,
1136 4061 1197 4119 Bo-

134 4143 266 4209 livariae
289 4144 432 4208 examine
448 4145 607 4223 instituto,
633 4146 783 4241 propriae
797 4145 935 4210 familiae
958 4147 1092 4232 vestigia
1109 4168 1199 4229 prae-
