2664 4746
404 264 574 335 Charaeta
581 262 737 356 sumilme
758 265 921 333 naturalis.
1099 272 1101 285 '
1151 271 1194 343 15
1263 304 1267 320 ·

132 426 357 490 observantur:
380 427 475 491 etiam
498 429 660 513 placentas
681 441 747 491 tres
770 425 921 513 (ideoque
942 425 1080 513 carpella
1097 421 1193 502 triai)

131 514 376 578 monstrositatis
395 515 494 577 instar
511 516 543 578 in
560 513 783 599 Menyatitbide
804 514 953 578 trifoliata
973 512 1129 601 qnondam
1147 509 1193 574 vi-

131 601 179 665 dit
194 603 401 667 amicissimus
415 606 474 667 Dr.
489 603 676 667 Sobleiden:
699 617 803 667 tumen
819 603 1028 687 carpellorum
1042 618 1193 665 numerus

130 689 270 761 binarius
292 691 326 752 in
350 692 534 761 Gensianeis
557 691 791 755 characteribus
813 691 948 753 manime
972 687 1194 752 essentialibus

131 775 384 841 adnumerandus
402 799 474 841 esse
493 779 630 843 videtur.
674 782 804 843 Constat
823 778 1005 840 Sarotbram
1022 800 1040 838 a
1058 774 1196 860 Hyperi·

131 865 231 929 cineis
259 864 418 929 albumine
446 867 579 948 'copioso
604 883 636 931 et
659 864 845 929 staminibus
868 863 1007 926 delinitis
1028 862 1195 937 recedere,

130 974 223 1037 quarn
238 952 279 1016 ob
295 975 418 1017 causam
436 954 536 1017 etse
552 954 675 1019 Hilaire
692 955 801 1034 (Mem.
819 973 872 1014 sur
887 953 918 1015 le
932 953 1077 1035 placenta
1093 964 1195 1015 centr-

130 1061 162 1123 Ρ·
177 1042 233 1117 39)
252 1061 352 1124 genua
369 1060 440 1103 curn
458 1040 702 1105 Fraulseniaceis
721 1041 898 1123 conjunxit,
921 1062 937 1100 a
957 1039 1070 1124 quibua
1089 1038 1196 1122 calyce

131 1140 164 1189 et
178 1126 288 1195 habitu
304 1127 396 1191 valde
411 1127 530 1191 distare
545 1129 680 1192 videtur.
725 1129 846 1191 Confer
861 1127 900 1188 ‹lo
914 1127 975 1191 hoc
989 1145 1110 1211 genere
1122 1148 1196 1190 ana

130 1213 211 1299 lysin
228 1216 396 1283 esiconem
411 1215 443 1277 in
458 1217 563 1279 Hools.
579 1221 651 1279 Bot.
665 1214 801 1279 Miscell.
815 1215 877 1278 vol.
893 1218 945 1278 lll.

217 1304 342 1398 Quibus
363 1304 499 1367 exclusis
517 1300 651 1389 aliisque
667 1303 839 1387 generibus
857 1301 1037 1384 jamdudum
1055 1300 1128 1386 jure
1148 1320 1198 1361 re-

131 1389 224 1453 motis
245 1391 325 1454 ordo
343 1390 414 1455 fere
435 1391 549 1453 iisdem
567 1388 685 1454 finibus
702 1391 961 1472 circumscriptus
978 1403 1028 1453 est
1042 1407 1079 1452 ac
1094 1388 1126 1450 in
1140 1406 1198 1449 no-

132 1478 262 1543 vissimo
281 1500 381 1563 opere
397 1478 608 1562 Lindleyano‚
630 1499 691 1541 nec
708 1479 740 1541 in
759 1477 827 1558 ejus
846 1478 931 1540 serie
947 1476 1080 1541 naturali
1097 1477 1199 1538 lecto·

130 1586 199 1628 rem
222 1564 344 1629 offendi
366 1588 461 1651 spero
484 1568 547 1628 nisi
569 1567 707 1631 sortasse
730 1587 789 1648 per
807 1563 1121 1646 Menyanthidearurn
1146 1581 1201 1624 co·
1230 1573 1239 1595 ’-

129 1652 266 1728 horren,
290 1676 383 1740 quam
406 1655 444 1721 el.
468 1653 509 1716 de
531 1655 664 1717 Martius
687 1651 863 1715 rationibus
886 1649 1025 1712 nondum
1048 1663 1199 1735 quantum

131 1741 200 1803 scio
228 1742 383 1823 expositis
412 1755 609 1823 reposuerat.
655 1740 690 1801 Si
710 1737 838 1822 quidem
861 1737 989 1820 organis
1009 1735 1199 1818 vegetativis

131 1826 305 1900 recedunt,
335 1828 397 1888 tale
424 1826 596 1886 discrimen
619 1826 662 1888 ita
684 1822 804 1907 pendet
825 1844 865 1885 ex
888 1825 1022 1886 statione
1044 1825 1197 1909 aquatica,

130 1927 166 1975 ut
182 1914 216 1972 in
236 1913 387 1977 Villarsia
406 1912 477 1972 sere
497 1925 679 1974 evanescat:
702 1911 842 1977 rbizoma
860 1933 978 1995 repens
996 1910 1135 1997 ideoque
1150 1909 1200 1973 fo-

56 2051 68 2056 -
131 1999 249 2061 liorum
268 1998 400 2080 vaginae
417 1997 557 2061 alternae
576 1999 684 2079 (etiam
703 1999 737 2061 in
754 2000 898 2061 Suertiis
917 1998 1061 2079 obviae),
1084 1997 1198 2082 petioli

134 2085 272 2166 elongati
287 2105 388 2170 aquae
404 2082 604 2168 superficiem
621 2099 788 2169 petentes,
800 2083 1042 2151 'inflorescentiu
1058 2105 1144 2148 nunc
1158 2104 1199 2148 ex

132 2171 254 2255 petiole
277 2193 397 2235 summo
420 2174 488 2235 sive
510 2193 598 2241 ramo
621 2191 691 2237 cum
714 2173 837 2256 petiolo
860 2194 1005 2237 connexo
1028 2186 1130 2247 enata,
1153 2172 1199 2237 lo·

131 2259 248 2323 liorum
270 2272 434 2323 ternorum
452 2259 485 2321 in
505 2259 730 2343 Menyanthide
749 2261 926 2324 verticillos
945 2283 961 2324 a
981 2260 1070 2324 ceule
1089 2260 1128 2322 ad
1147 2264 1199 2323 at's'·

132 2366 200 2415 rem
218 2344 458 2430 adipiscendum
474 2361 625 2421 remotus,
647 2347 803 2411 seminum
819 2348 996 2431 epidennis
1014 2347 1100 2424 durs,
1118 2346 1199 2413 baeu

130 2433 236 2497 omnia
255 2432 445 2516 exlegibus,
466 2435 581 2521 quibus
599 2435 664 2498 vita
684 2434 870 2518 vegetabilis
889 2436 947 2497 sub
967 2456 1045 2518 aqua
1064 2433 1199 2499 oriunda

131 2520 257 2594 obedit,
280 2520 374 2583 facile
390 2520 585 2587 derivantur.
629 2523 801 2584 Praeterea
816 2536 919 2585 autem
934 2523 1019 2585 nulla
1033 2521 1138 2585 obstat
1150 2520 1198 2594 di.

130 2608 282 2686 versitas,
304 2609 368 2671 nisi
390 2607 648 2673 inflorescentiae
669 2627 771 2691 genus
792 2608 826 2669 in
848 2609 997 2693 Hippieis
1019 2624 1123 2673 tamen
1144 2629 1201 2673 re·-

131 2695 281 2780 petitum,
304 2710 338 2761 et
355 2696 519 2767 aestivatio
537 2694 779 2779 induplicatae,
802 2699 893 2780 cujus
910 2697 1041 2782 vestigia
1058 2699 1090 2761 in
1106 2697 1197 2761 Gen-

131 2783 225 2845 tianis
244 2797 383 2858 exstant,
405 2784 594 2851 corollario
613 2783 769 2847 Gentiana
785 2783 966 2849 Aadaavsii
984 2785 1067 2849 lobia
1085 2785 1198 2849 abortu
1246 2795 1249 2800 '

133 2868 354 2935 deficientibus
377 2872 532 2958 plinioque
554 2868 842 2946 intercedentibus,
866 2887 900 2933 ut
921 2872 952 2935 in
972 2873 1091 2937 ceteris
1111 2874 1197 2935 Gea-

132 2956 225 3025 tianis
253 2958 393 3041 plicatis,
422 2978 482 3041 per
508 2957 748 3022 aestivatiouem
771 2958 1015 3042 induplicativis.
1059 2961 1197 3024 Seminis

131 3065 211 3110 vero
238 3044 421 3131 magnitudo
448 3060 481 3109 et
506 3045 657 3108 numerus
684 3045 811 3109 demum
836 3045 912 3111 binc
937 3047 1013 3109 inde
1035 3045 1198 3123 delinitus,

133 3132 227 3197 etiam
256 3132 290 3195 in
317 3133 452 3195 Frasera
481 3133 691 3197 observatur:
726 3153 787 3197 nee
816 3133 1008 3196 levissimam
1038 3148 1196 3200 structura

133 3221 220 3285 ovuli
238 3234 270 3283 et
287 3219 469 3302 embryonis
487 3218 699 3282 differentiam
718 3220 880 3304 praebuit:
904 3220 1034 3306 embryo
1050 3223 1195 3286 omnibus

134 3308 319 3379 Gentianeis
339 3305 549 3391 cylindricus,
573 3305 814 3389 cotyledonibus
831 3322 928 3372 strato
946 3309 1113 3389 albuminis
1128 3312 1197 3393 ple-

132 3416 266 3480 rumque
288 3395 475 3459 tenuissimo
498 3393 723 3470 subdiseretis‚
745 3417 805 3460 nec
826 3396 986 3473 foliaceis,
1009 3411 1090 3463 testa
1108 3398 1196 3461 ovuli

134 3483 279 3566 simplici,
296 3480 454 3547 albumine
470 3482 683 3568 endospermo
699 3483 755 3562 (ex
772 3482 994 3549 observatione
1012 3484 1195 3549 amicissimi

133 3573 192 3633 Dr,
208 3570 408 3650 Schleiden):
432 3589 492 3632 nee
508 3570 541 3631 in
555 3569 796 3633 Limuanthemo
812 3566 1029 3653 cotyledones‚
1048 3571 1195 3658 quamdiu

133 3659 168 3723 in
186 3657 306 3725 semine
326 3658 438 3731 latent,
462 3657 662 3740 inaequales‚-
681 3678 761 3742 quae
779 3678 832 3721 tes
850 3680 890 3721 an
907 3680 972 3722 non
990 3660 1024 3721 in
1040 3660 1196 3744 germinu-

133 3746 221 3811 ticne
236 3747 272 3809 L.
288 3745 429 3813 lacunosi
443 3744 630 3827 exponenda
645 3744 870 3828 speciminibus
885 3747 978 3810 siccis
990 3745 1073 3811 haud
1086 3748 1195 3811 forsan

135 3830 365 3897 sufficientibus
390 3831 424 3894 iu
452 3852 598 3895 errorem
623 3832 760 3916 aliquem
782 3832 929 3897 inductus
951 3855 1072 3909 essem,
1103 3833 1195 3897 dubi.

134 3921 257 3989 tatione„
265 3918 396 4007 quadam
411 3941 462 3983 rna
476 3933 646 4004 promeret,
662 3919 725 3982 nisi
739 3921 897 4005 vegetatio
911 3923 1035 4006 plantae
1047 3922 1193 3987 evolutae

135 4029 286 4071 summam
313 4007 487 4092 analogiam
513 4006 683 4092 praeberet
704 4007 761 4090 (ab
785 4009 1022 4077 observationes
1044 4030 1128 4085 meas
1150 4011 1191 4077 de

135 4098 194 4161 bae
216 4115 252 4161 re
274 4096 335 4163 alio
357 4096 430 4164 loco
451 4095 679 4180 exponendas).
1145 4134 1148 4138 -

561 4218 768 4239 m
