2664 4746
288 287 293 299 .
343 199 350 227 ¹
401 235 577 311 curnem
587 239 744 333 santius
764 245 957 316 muman..
1164 251 1197 319 a

131 404 247 469 eodem
270 402 367 468 modo
388 401 472 467 ilors
485 403 680 468 'terminatos
701 404 815 467 ramuli
837 418 871 468 et
892 403 939 467 sio
954 423 1065 487 porro.
1110 403 1199 468 Talis

131 506 181 557 est
197 491 503 575 Erythraescearum
518 489 772 565 indurescentia,
795 514 812 553 a
830 513 890 576 qua
907 505 1024 555 tanturn
1041 494 1200 557 Censeora

132 580 305 643 Schultosii
337 579 489 662 singulari
517 579 614 643 modo
647 578 788 652 recedit,
823 578 937 661 partim
964 599 1093 666 qnoque
1120 581 1201 662 Ery-

134 667 260 729 thraeae
283 666 384 731 sectio
407 666 561 748 spicaria.
606 668 756 729 Ceterum
778 663 1036 731 infloresceutiae
1058 665 1202 731 dicboto·

133 776 202 817 mae
225 767 315 838 typus
338 768 400 816 tam
424 754 557 836 simplex
580 768 644 828 est,
676 769 711 818 ut
733 751 984 816 modificationes
1007 753 1078 816 iere
1101 754 1201 816 nullas

134 841 298 904 exhibeat:
322 840 398 904 binc
416 861 557 924 gemmae
577 841 760 904 terminales
780 841 893 904 abortu
915 840 1044 920 desunt,
1068 841 1142 904 bine
1162 862 1201 905 ex

132 929 220 992 soliis
243 930 347 992 ternis¹
366 929 446 1000 rami
470 950 597 1014 quoque
620 930 704 991 terni
727 928 926 992 evolvuntur.

219 1016 256 1097 2)
283 1022 317 1081 l.'
331 1017 635 1079 racemiformis.
682 1018 812 1080 Florum
835 1016 1031 1078 caulinoru'rn
1053 1014 1201 1079 formatio

134 1105 309 1188 praecipuo
325 1105 429 1187 viget:
453 1105 551 1167 caulis
564 1125 625 1187 per
640 1104 731 1186 plura
746 1102 1140 1185 internodiaproducitur,
1161 1123 1203 1166 ex

133 1192 237 1254 axillis
260 1213 365 1255 ramos
389 1211 508 1275 eosque
531 1192 619 1253 caule
643 1192 811 1255 breviores
833 1191 975 1275 profert,
1003 1190 1121 1262 donec,
1147 1190 1203 1252 ubi

134 1278 321 1343 ramilicatio
349 1278 484 1352 desinit,
517 1299 640 1362 gemma
669 1281 876 1343 terminetur:
908 1279 1015 1363 itaque
1043 1298 1203 1340 ramorum

134 1365 391 1431 inflorescentiae
415 1366 567 1429 caulinam
590 1365 674 1429 haud
697 1366 864 1449 adtingunt
889 1366 911 1427 l.
934 1387 997 1428 non
1026 1365 1202 1442 excedunt:

133 1454 305 1539 pedunculi
328 1454 456 1540 quidem
480 1475 519 1517 ex
542 1476 660 1516 summa
680 1455 773 1517 axilla
791 1455 854 1519 orti
873 1451 988 1516 florem
1005 1454 1205 1520 terminalem

135 1562 288 1626 superare
305 1556 439 1624 possunt
455 1562 561 1627 neque
579 1562 662 1607 varo
678 1543 765 1604 rami-
777 1556 918 1603 naturam
938 1561 1013 1621 prae
1033 1563 1068 1604 se
1084 1541 1204 1614 ferunt,

136 1651 247 1692 serum
271 1629 431 1712 simplices
455 1644 528 1691 suat
551 1642 583 1691 et
606 1628 746 1691 unissori.
792 1628 879 1691 Talis
908 1641 957 1687 est
979 1628 1206 1691 Swertiearum

135 1716 393 1790 infloresceutia‚
427 1737 506 1801 quae
537 1713 787 1776 inflorescentiis
818 1714 1023 1795 centripetis,
1055 1715 1204 1797 inprimis

133 1804 213 1879 illis,
238 1825 370 1890 quarum
389 1805 470 1863 rami
490 1802 670 1883 centrifuge
689 1802 892 1875 evolvuntur,
918 1821 945 1863 e.
963 1819 991 1863 e.
1006 1801 1040 1863 in
1055 1801 1206 1880 Labiatis,

135 1886 198 1953 tarn
213 1890 345 1972 analoga
365 1902 423 1960 est,
440 1902 473 1948 ut
490 1888 558 1969 ejus
574 1906 692 1970 genera
708 1889 740 1949 in
755 1888 804 1949 his
822 1887 926 1949 omnia
942 1904 1129 1970 repetantur
1143 1909 1205 1953 nee

135 1978 198 2038 nisi
216 1977 449 2056 circumspecte
467 1973 634 2036 observata
651 1975 841 2037 evolutionis
859 1974 996 2055 periodo
1011 1975 1206 2061 distinguan-

135 2076 206 2125 tur:
230 2063 272 2123 ita
296 2062 394 2123 caulis
417 2059 570 2123 unissorus
592 2062 625 2123 in
647 2062 812 2147 plerisque
836 2056 1002 2125 Gentianis
1025 2065 1205 2147 caespitose

88 2194 90 2202 ·
137 2149 374 2224 crescentibus,
398 2169 483 2231 cyma
507 2148 737 2223 racemilormis
760 2152 793 2212 in
817 2149 1059 2232 Menyautbide,
1082 2151 1205 2215 umbel-

134 2237 297 2300 laesormis
327 2238 358 2297 in
386 2236 546 2308 Heleniis,
578 2236 755 2301 abbreviati
782 2258 860 2300 vero
889 2237 1058 2320 pedicelli‚
1091 2239 1205 2325 quibus

135 2325 277 2408 spica'et
299 2323 469 2408 capitulum
497 2325 660 2397 oriuntur,
691 2325 796 2387 rarius
824 2324 1008 2387 obveniunt.
1054 2329 1206 2389 Nonnun-

134 2434 226 2498 quam
256 2431 362 2493 cymae
392 2410 547 2492 ejusmodi
571 2411 717 2473 arillares
741 2432 780 2473 ex
803 2413 869 2473 imo
891 2431 999 2494 cymae
1021 2413 1204 2496 pedunculo

132 2520 237 2565 ramos
261 2519 380 2582 eosque
403 2498 627 2583 inaequales'l.
651 2497 829 2580 pedicallos
853 2498 1019 2581 simplices
1042 2501 1063 2563 l.
1083 2500 1205 2582 pedun-

134 2588 223 2651 culos
252 2583 437 2670 plurissoros
466 2586 628 2658 emittunt,
660 2602 694 2650 ut
722 2586 755 2645 in
785 2587 824 2648 G.
852 2585 937 2649 lutea
958 2589 1011 2649 In:
1044 2589 1133 2670 cujus
1156 2589 1205 2651 in-

133 2673 367 2739 ssorescentiam
391 2673 431 2734 cl.
453 2676 586 2755 Roeper
608 2671 691 2755 apud
714 2671 875 2735 Meissner
896 2674 977 2754 (DC.
1001 2675 1205 2761 Organogra.

132 2763 209 2847 pbie
231 2763 352 2825 Ueb.1.
375 2783 407 2844 p-
425 2762 504 2839 374)
527 2780 567 2822 ex
590 2780 782 2844 gemmarum
806 2761 1057 2825 accessoriarum
1080 2764 1205 2829 theoria

132 2853 360 2933 interpretatus
383 2864 447 2911 est:
472 2863 504 2910 et
527 2862 615 2910 recte
637 2847 766 2932 quidem
785 2846 823 2909 'ut
840 2847 982 2922 videtur,
1006 2852 1081 2938 quia
1097 2874 1203 2916 ramus

133 2938 342 3002 secundarius
366 2936 467 2998 serius
490 2937 636 2998 evolutus
658 2935 738 2998 folio
760 2932 865 2998 florali
888 2953 984 3001 caret.

219 3028 288 3091 Jsrn
313 3043 391 3085 vero
410 3023 568 3105 Hippieae
591 3035 623 3084 et
644 3023 817 3107 pleraeque
837 3023 1101 3107 Menyantbidese
1121 3049 1138 3089 a
1157 3025 1204 3089 fa·

134 3113 240 3175 miliae
268 3109 524 3173 inssoreseentiae
554 3123 628 3192 typo
656 3108 813 3173 recedunt
837 3107 973 3173 floribus
994 3112 1204 3177 inferioribus

133 3198 414 3285 praecocioribus,
443 3197 532 3259 caule
554 3217 619 3259 non
641 3197 810 3260 terminato
833 3218 870 3259 ac
892 3199 926 3260 in
949 3201 1132 3263 Coutoubes
1154 3223 1204 3262 ra-

131 3310 255 3355 cemum
283 3299 336 3349 aut
362 3283 500 3369 spicam,
534 3282 571 3349 iu,
591 3284 713 3365 Hippio
742 3282 1013 3351 indurescentiam
1041 3288 1203 3351 axillarem

131 3375 321 3460 praebente,
345 3371 421 3436 dein
439 3372 472 3433 in
488 3369 731 3433 Limuanthemo
750 3371 933 3437 umbellam:
958 3375 1051 3437 etiam
1071 3376 1105 3437 in
1122 3375 1205 3460 Hip-

130 3465 188 3549 pio
206 3481 348 3548 gemmae
366 3460 476 3544 plures
494 3461 528 3520 in
548 3457 659 3522 eadem
675 3458 768 3521 axilla
783 3461 899 3542 partim
913 3464 1114 3531 accessorius
1131 3484 1203 3528 esse

130 3550 290 3617 videntur.
335 3549 486 3611 Ceterum
502 3545 742 3611 inflorescentia
757 3547 897 3611 axillaris
911 3571 929 3611 s
944 3540 1122 3634 centripeta
1136 3550 1205 3615 rul-

131 3638 248 3727 gatiori
265 3649 385 3700 tantum
400 3634 551 3698 foliorum
567 3632 725 3698 ssoralium
741 3634 924 3700 evolutione
939 3637 1115 3723 discrepat:
1132 3659 1203 3702 nam

130 3741 164 3791 et
178 3725 316 3811 capitula
332 3722 473 3785 axillaria
490 3723 667 3805 centripete
684 3722 883 3787 evolvuntur.
927 3726 1035 3811 ltaque
1052 3742 1101 3801 ut,
1122 3745 1203 3812 quae

131 3809 389 3877 inflorescentiae
418 3828 536 3894 genera
558 3806 696 3882 ,familiis
726 3811 886 3873 nonnullis
917 3815 1100 3877 essentialia
1130 3832 1202 3877 esse

131 3900 298 3976 videntur,
323 3890 522 3970 enumerem,
545 3894 600 3958 bas
621 3896 822 3962 diversitates
840 3898 986 3982 inprimis
1006 3901 1203 3984 distinguen-

133 3989 188 4052 das
212 4007 283 4050 esse
306 3997 402 4068 puto:
440 3986 472 4064 t)
494 3986 518 4045 1.
542 3984 721 4067 centrisuga
745 3983 944 4068 dichotoma3
977 3987 1014 4068 2)
1037 3991 1060 4049 l.
1083 3989 1202 4052 centri-

130 4076 205 4160 fuga
233 4071 489 4152 racemisormis3
528 4073 563 4151 3)
590 4075 613 4134 1.
637 4074 838 4156 centripeta,
865 4077 964 4139 ramis
994 4075 1200 4162 ceutrifugis3

131 4165 174 4244 4).
185 4166 208 4227 l.
225 4161 404 4249 oeneipeta
422 4179 602 4240 racemosa:
625 4160 661 4242 n)
677 4163 699 4223 1.
717 4162 894 4248 contmpata
910 4162 1061 4229 axillaris.
1104 4165 1201 4251 Spica
