2664 4746
438 308 684 403 Gentiuneurum
707 293 893 397 affinitates.
1104 281 1108 289 ⁵
1151 314 1194 386 23

130 474 275 540 natilida:
300 489 330 538 at
356 495 431 537 vero
450 472 592 535 indolem
613 472 819 536 Gentianeam
844 474 995 556 quandam
1018 474 1132 538 sistere
1149 477 1195 540 vi-

130 555 247 639 dentur
271 559 335 621 duo
360 582 478 643 genera
505 559 591 621 foliis
618 558 775 642 oppositis
803 558 962 640 praedita:
995 562 1193 643 Lysimachia

130 643 233 720 enim,
263 645 419 731 Opheliae
433 670 473 708 cx
489 645 599 709 habitu
615 647 744 719 similis,
776 646 869 717 ctiam
882 646 956 708 huic
973 649 1086 729 generi
1101 653 1195 711 rami.

129 726 276 818 licatione
291 732 429 817 saepius,
453 731 699 804 inhorrescentia,
724 733 902 816 calycisque
921 749 953 797 et
969 735 1107 797 corollae
1121 757 1196 800 con.

128 823 320 906 formatione
346 820 487 895 accedit,
524 840 584 880 nec
606 820 768 904 analogiae
798 841 914 902 expers
945 836 993 884 est
1020 822 1193 904 Anagallis,

130 932 201 977 cum
221 907 424 992 dnagallidio
442 922 635 988 comparata,
666 906 870 970 suadentibus
889 926 1018 991 quoque
1034 908 1196 989 peduncu-¹

129 990 170 1058 lis
187 992 313 1057 deinum
328 992 471 1058 reflexis.
504 993 759 1067 Observandum,
784 993 816 1054 in
832 993 1040 1056 Primulaceis
1055 999 1195 1062 corollae

130 1082 381 1158 aestivationem,
405 1085 439 1142 in
452 1078 662 1165 Monopetalis
677 1096 816 1143 ceterum
830 1101 957 1163 gravem
971 1080 1195 1162 characterem,

132 1162 246 1231 bullam
271 1189 374 1251 paene
397 1166 494 1230 fidem
518 1167 691 1250 praebere:
727 1165 795 1229 ridi
821 1166 903 1229 enirn
926 1187 967 1241 a,
1006 1168 1194 1255 plerumque

131 1254 372 1339 aestivationem
398 1246 667 1340 quincuncialem;
697 1249 732 1329 b,
754 1251 983 1317 imbricativam
1005 1256 1039 1315 in
1060 1257 1195 1320 Centun.

132 1337 221 1419 cul03
251 1358 278 1420 c,
300 1340 498 1404 cochlearem
514 1339 546 1401 in
561 1339 698 1418 Coride3
728 1337 758 1414 d,
783 1339 1000 1403 sinistrorsum
1020 1358 1197 1409 contortam

132 1431 165 1492 in
179 1425 380 1511 Lysimachia
399 1445 430 1493 et
451 1425 654 1511 Anagallide3
688 1446 717 1501 e,
742 1426 944 1490 dextrorsum
965 1442 1139 1494 contortam
1162 1433 1196 1493 in

132 1516 295 1580 'l'rientali
862 1554 865 1558 ·

218 1603 254 1681 7)
277 1610 514 1685 Apocyucae.
560 1599 760 1669 Affinitatum
782 1619 894 1682 agmen
913 1614 947 1661 ut
961 1620 1080 1663 summa
1095 1601 1199 1665 alfini.

132 1709 179 1760 tas
198 1690 381 1758 inchoabat,
411 1689 453 1749 ita
473 1685 591 1749 claudit
606 1686 687 1748 ordo
706 1686 889 1766 proximus,
918 1698 1020 1746 tamen
1040 1688 1143 1750 alieno
1162 1691 1197 1752 in

132 1782 232 1841 latere
248 1792 405 1837 extensus.
459 1773 537 1832 Nam
553 1771 587 1831 in
609 1771 789 1853 Apocyneis
805 1770 967 1832 character
982 1771 1058 1843 iste,
1090 1777 1144 1859 qui
1163 1778 1197 1838 in

133 1862 326 1948 quaerendis
348 1859 501 1940 analogiis
523 1855 687 1940 hucusque
711 1876 769 1917 nos
789 1857 891 1932 duxit,
914 1859 1089 1922 evanescit:
1114 1862 1198 1940 cilia,

134 1951 174 2010 ad
204 1948 293 2008 basin
323 1945 472 2005 foliorum
498 1943 573 2018 sita,
606 1943 746 2005 indicant
769 1943 916 2027 stipulas,
945 1945 1197 2011 articulatiouem

135 2036 275 2116 foliaque
289 2029 436 2103 decidua,
460 2029 556 2114 quod,
580 2029 640 2092 etsi
656 2049 767 2091 revera
786 2031 828 2092 ita
846 2045 903 2102 est,
927 2029 1112 2096 affinitatem
1124 2054 1198 2099 cum

136 2119 321 2183 Gentianeis
337 2117 466 2178 minime
478 2114 634 2179 excludit:
658 2137 829 2200 quaerero
848 2117 917 2179 istis
931 2119 1111 2199 Lisyanthis
1124 2144 1197 2204 pro·-

136 2207 219 2268 xima
244 2221 307 2278 est,
331 2203 447 2288 quibus
465 2197 541 2263 folia
563 2203 657 2264 etiam
672 2205 773 2286 magis
797 2202 913 2265 cadere
932 2204 1082 2268 videntur
1103 2230 1197 2293 quam

135 2311 343 2355 marcescere.
387 2288 546 2350 Echitidis
560 2289 686 2372 species
701 2288 854 2373 quaedam
870 2311 971 2354 novae
983 2290 1196 2358 Brasilienses

135 2379 305 2462 Lisyantho
318 2398 357 2438 ex
373 2374 482 2438 habitu
496 2376 538 2438 ita
553 2374 721 2447 accedunt,
752 2393 785 2439 ut
807 2377 935 2438 nonnisi
957 2380 1139 2462 genitalium
1154 2383 1199 2443 fa·

133 2469 222 2528 bm'ca
238 2481 270 2528 et
292 2464 414 2526 fructus
428 2462 530 2541 forma
552 2461 770 2546 seminumque
790 2477 946 2524 structura
962 2462 1107 2547 dignosci
1126 2488 1199 2550 posk

135 2555 207 2616 sint.
258 2550 391 2612 Limites
418 2563 522 2611 tamen
546 2549 711 2630 utriusque
737 2544 860 2609 ordinis
885 2568 949 2609 non
975 2551 1050 2613 satis
1074 2569 1196 2635 patente

134 2639 378 2722 pronuntiarunt
402 2631 529 2719 quidem
553 2633 757 2715 embryonem
782 2634 969 2708 foliaceum‚
1004 2638 1062 2699 sed
1086 2639 1197 2706 dubito

135 2747 237 2788 annon
252 2727 284 2786 in
298 2723 479 2804 Apocyneis
494 2719 683 2804 quibusdam
696 2736 788 2803 typus
803 2721 986 2804 embryonis
1003 2726 1198 2791 Gentianeus

113 2857 114 2863 κ
135 2827 300 2876 occurrat:
333 2825 368 2872 ut
390 2804 462 2870 cilia
480 2807 631 2868 foliorum
653 2807 705 2868 illa
726 2809 903 2891 negligam,
933 2830 1027 2894 saepe
1045 2812 1199 2876 deficien-

135 2902 194 2973 tia,
222 2895 462 2962 aestivationem
480 2892 571 2975 prius
592 2892 632 2953 ad
653 2893 788 2955 familias
814 2894 1045 2978 dignoscendas
1067 2900 1197 2966 adhibui

136 2989 286 3071 idemque
302 2982 421 3045 sentire
442 2976 569 3042 videtur
586 2980 624 3041 cl.
643 2980 779 3063 Lindlcy
798 2982 947 3060 (anatur.
971 2999 1043 3067 syst.
1061 3007 1092 3068 p.
1105 2987 1196 3067 296),

137 3096 231 3161 quum
250 3067 435 3134 Gentianeis
458 3065 694 3151 aestivationem
718 3068 929 3142 „imbricated
942 3070 1092 3135 twisted“
1113 3075 1199 3158 Apo·

136 3161 246 3245 cyneis
262 3177 340 3220 vero
357 3149 570 3230 „contorted“
585 3150 765 3236 adscripsit,
787 3177 973 3240 quamquam
989 3161 1197 3224 terminorum

137 3267 250 3312 sensus
265 3264 315 3306 me
339 3239 437 3329 fugit:
473 3238 590 3300 etenim
609 3239 675 3300 sola
698 3238 879 3327 differentia
901 3265 938 3306 ea
964 3261 1030 3320 est,
1060 3263 1094 3311 ut
1109 3249 1197 3331 Apo-

137 3335 245 3419 cyneis
259 3329 434 3414 plerisque¹
445 3324 609 3388 aestivatio
628 3323 847 3390 sinistrorsum
866 3346 1009 3396 contorta
1024 3333 1081 3406 sit,
1114 3335 1198 3396 Gen-

136 3418 251 3485 tianeis
267 3410 485 3480 dextrorsum:
510 3432 618 3474 rerum
633 3412 665 3473 in
677 3410 827 3478 Echitide
838 3417 1002 3482 aestivatio
1016 3434 1052 3482 ut
1066 3421 1100 3480 in
1114 3423 1200 3484 Gen.

136 3507 250 3574 ‘tianeis
270 3497 413 3567 occurrii
435 3518 494 3574 nec
518 3499 578 3560 ulla
598 3499 637 3561 ex'
660 3499 760 3584 gradu
780 3498 928 3566 flexionis
949 3503 1131 3585 differentia
1146 3507 1199 3572 de-

139 3596 221 3658 sumi
238 3605 353 3677 potest.
396 3586 566 3647 Praeterea
582 3586 620 3647 cl.
640 3584 776 3670 Lindley
790 3586 930 3654 habitum
951 3590 1143 3663 herbaceum
1167 3610 1198 3659 et

138 3674 289 3746 corollam
305 3686 551 3737 marcescentem
571 3672 757 3736 Gentianeis
775 3672 924 3751 vindicat,
947 3676 1021 3741 dein
1034 3678 1111 3742 folia
1124 3702 1197 3742 ner-

139 3792 232 3840 vora,
263 3757 343 3850 quae
365 3756 486 3833 omnia,
517 3757 577 3820 etsi
604 3758 728 3841 saepius
754 3761 979 3839 observantur,
1013 3779 1116 3829 tamen
1136 3787 1197 3829 nec

139 3857 318 3919 universum
340 3847 402 3910 rim
424 3844 542 3906 hahent
558 3864 617 3906 nec
640 3843 679 3906 ab
701 3846 941 3930 Apocyn'earum
961 3852 1069 3917 indole
1085 3851 1198 3914 abhor-

140 3959 228 4006 rent:
253 3936 393 4000 ovarium
408 3952 485 3996 vero
500 3930 659 4023 integrum
675 3932 800 4019 utrique
817 3936 932 4014 ordini,
955 3955 1103 4024 quantum
1119 3941 1195 4015 scio,
1249 3964 1251 3969 ’

140 4018 341 4093 tribuendum
356 4035 415 4084 est.
459 4020 567 4102 ltaque
587 4017 672 4081 inter
691 4041 818 4100 omnes,
850 4025 904 4109 qui
923 4025 1086 4109 hucusque
1101 4027 1195 4093 stabi·

140 4118 188 4197 liti
206 4130 292 4185 sunt,
322 4110 540 4179 characteres,
563 4127 627 4168 uon
646 4128 724 4170 unus
743 4109 876 4177 sufficit.
900 4112 962 4176 nisi
974 4111 1193 4203 physiologici,

144 4203 229 4277 ,unci
242 4200 334 4275 lactei
350 4192 494 4267 defectus
509 4194 542 4264 et
559 4214 690 4264 amaror.
736 4198 807 4268 Nou
824 4197 948 4275 dubito,
972 4199 1049 4294 quin
1062 4196 1094 4265 iu¹
1107 4196 1197 4298 gohi-
