2664 4746
124 248 166 317 54
490 241 690 306 Gentianam.
734 243 813 311 June

124 403 290 466 momentis
301 404 453 465 localibus
467 403 517 463 bis
530 403 629 484 magis
644 427 735 488 quam
749 406 823 467 alibi
837 403 1090 489 praevalentibus
1105 423 1181 485 pen-

124 492 210 562 deat,
242 514 281 552 an
300 512 339 552 ex
358 489 492 572 dirersis
510 493 725 572 geognosticis
745 494 985 556 formationibus
1006 491 1104 572 magis
1126 512 1182 568 pa·
1205 514 1208 526 ·

124 579 278 651 tentibus,
302 600 341 638 an
357 598 395 640 ex
409 576 507 638 florae
525 579 700 659 primitivae
718 582 889 643 mutatione
906 601 964 662 per
979 581 1105 660 longum
1120 592 1184 636 tor.

125 667 262 726 rentium
275 665 572 749 laboremlaliasque
595 687 654 746 pro
681 669 834 729 montium
859 669 949 729 ruina
971 663 1118 729 efficaces
1135 666 1184 723 ris
1235 662 1238 668 ’

125 752 253 814 tandem
288 751 450 823 conlecta,
488 753 532 811 uti
555 749 652 813 llorac
676 754 873 835 planitierum
901 757 1021 815 cultura
1047 751 1185 812 honlinis

127 854 293 906 mutantur.
337 841 406 899 Jam
422 859 499 899 vero
518 838 731 901 diversitatem
751 842 842 903 istam
861 839 1054 925 probandam
1072 838 1185 907 habeo,

127 941 160 990 et
175 927 304 1010 quidem
318 926 373 987 has
388 926 546 1008 catalogos
558 925 597 985 de
613 924 692 988 llora
707 930 808 1010 alpina
827 928 1007 1011 composui:

215 1018 248 1094 1)
271 1013 549 1074 Enumerationem
566 1014 704 1074 omnium
719 1018 893 1096 plamtarum
908 1014 1091 1095 alpinarum,
1116 1034 1191 1094 qua-

128 1099 199 1161 rum
224 1099 355 1163 altitudo
377 1102 486 1180 (supra
505 1099 613 1180 4000')
640 1125 656 1162 a
681 1104 718 1161 cl.
744 1106 793 1165 De
810 1103 960 1164 Candolle
982 1115 1012 1162 et
1035 1098 1188 1161 Wablen-

127 1190 208 1271 berg
226 1189 367 1268 (Helt‘et.
383 1186 585 1267 et'Carpatb.)
605 1189 771 1262 indicatur,
795 1190 909 1251 additis
924 1191 966 1248 iis
982 1208 1057 1272 quas
1070 1187 1140 1268 ipse
1158 1186 1190 1244 in

127 1276 245 1337 itinere
260 1275 364 1355 alpino
382 1275 578 1333 mensurari:
609 1274 680 1335 dein
700 1279 857 1360 catalogus
879 1275 1070 1357 locupletior
1088 1272 1190 1333 sactus

128 1379 189 1438 est,
213 1384 306 1445 quum
322 1361 390 1422 loca
412 1361 555 1442 inprimis
573 1363 734 1423 Austriaca
748 1363 818 1445 ipsc
835 1355 898 1425 adii
916 1383 950 1423 ac
971 1378 1036 1424 tum
1055 1360 1191 1440 cognitis

127 1449 208 1510 locis
241 1463 273 1509 et
299 1449 486 1509 mensuratis
516 1447 766 1529 designationum
791 1452 830 1512 cl.
852 1454 968 1532 Hoppe
994 1449 1191 1531 aliorumque

47 1553 52 1564 ’
127 1538 300 1618 praecipue
323 1535 357 1594 in
376 1536 512 1605 „Flora“
534 1537 708 1596 innumeris
728 1538 808 1596 locis
827 1531 992 1598 moliorem
1016 1557 1105 1594 usum
1130 1555 1193 1614 pro

130 1623 421 1707 phytogeograpbia
434 1622 539 1682 facere
553 1625 657 1710 potui,
674 1628 754 1683 'l'um
767 1628 907 1707 catalogo
922 1644 993 1682 meo
1008 1615 1194 1681 industriam

133 1711 276 1781 adhibui,
310 1723 344 1769 ut
359 1710 482 1791 species
501 1710 639 1770 leviores
660 1725 692 1771 et
708 1712 805 1770 ⁴nimis
822 1707 1035 1793 distinguendi
1053 1707 1193 1768 studiosa

133 1819 224 1855 manu
242 1797 427 1859 constitutae
447 1795 557 1856 sedulo
573 1797 833 1872 excluderentur,
864 1821 922 1881 qua
945 1798 975 1855 in
991 1816 1027 1855 re
1043 1796 1081 1855 cl.
1097 1793 1195 1854 vt'ah.

132 1883 265 1964 lamberg
285 1898 316 1943 et
331 1882 420 1944 Roob
437 1885 608 1971 praecipue
622 1887 860 1948 observationes
875 1884 1002 1944 maximi
1018 1882 1194 1943 aestimari.

130 1973 200 2032 Jam
217 1968 376 2050 catalogus
396 1976 479 2035 1318
494 1971 617 2051 species
635 1972 881 2055 phanerogamas
898 1969 1032 2031 includit
1049 1984 1080 2030 et
1094 1981 1195 2028 totum

132 2071 267 2118 tractum
286 2057 402 2137 alpium
426 2070 457 2115 et
478 2059 709 2136 Pyrenaeorum
731 2061 947 2143 amplectitur:
979 2070 1027 2116 est
1051 2055 1196 2136 inprimis

133 2164 262 2226 magnus
280 2143 457 2223 specierum
471 2164 620 2203 numerus
641 2147 804 2217 notabilis,
836 2166 915 2230 quae
936 2157 1055 2204 tantum
1067 2144 1098 2201 in
1115 2144 1195 2202 locis

134 2231 224 2293 valde
238 2229 379 2290 limitatis
394 2229 504 2290 obviae
520 2230 628 2303 luere,
660 2233 704 2292 ita
724 2247 758 2291 ut
780 2235 831 2294 vix
848 2232 941 2294 tertia
964 2251 1036 2312 [vars
1059 2229 1194 2310 catalogi

135 2339 192 2402 per
216 2329 314 2378 totam
342 2314 453 2376 {loram
476 2317 633 2399 divulgata
656 2335 749 2380 esset.
804 2325 870 2381 Nec
894 2320 995 2377 minus
1016 2317 1196 2399 quotientes

136 2429 174 2468 ex
198 2402 279 2465 ssora
300 2403 455 2479 belvatioa
479 2419 530 2465 aut
555 2407 665 2490 gallipa
688 2422 739 2467 aut
762 2404 987 2490 salisburgensi
1011 2404 1114 2484 alpina
1133 2405 1198 2463 col-

134 2493 226 2559 lectis
251 2513 270 2552 a
295 2490 510 2574 quotientibus
537 2493 627 2552 istius
660 2495 794 2576 catalogi
825 2491 1109 2553 universalioribus
1135 2489 1199 2548 dis·
1226 2529 1229 2534 ·

134 2593 275 2662 crepant.
950 2585 954 2592 “

222 2666 258 2743 2)
281 2666 331 2724 Ex
343 2662 421 2724 ilora
435 2666 598 2744 lapponica
615 2668 653 2725 ol.
669 2665 886 2746 Wablenberg
899 2663 1022 2745 species
1040 2661 1197 2744 excerpsi,

136 2775 216 2837 quae
230 2751 270 2812 ad
286 2748 399 2812 floram
414 2751 546 2833 alpinam
563 2766 594 2810 et
611 2753 804 2834 subalpinam
824 2750 932 2829 (1200'
947 2746 985 2810 ad
1004 2749 1135 2808 limitem
1151 2749 1198 2806 ni-

137 2840 252 2915 valem)
270 2838 446 2929 pertinent:
472 2853 543 2897 sunt
557 2854 658 2900 autem
673 2847 736 2905 2th
750 2840 883 2922 species.

223 2927 259 3004 3)
281 2925 403 2985 Eodem
424 2924 518 2985 modo
544 2923 655 2987 lloram
685 2928 833 2989 scoticam
859 2925 994 3006 alpinam
1016 2921 1135 2982 contuli
1160 2943 1199 2981 ex

137 3013 218 3074 ilora
232 3013 443 3074 Hoolteriana.
489 3013 654 3094 Catalogus
670 3015 811 3075 continet
829 3021 888 3079 153
904 3013 1039 3092 species·

225 3103 260 3176 4)
283 3102 325 3159 Ut
343 3098 513 3160 diversitas·
529 3106 726 3182 quotientum
745 3101 846 3182 magis
863 3099 1115 3178 intelligeretur,
1148 3115 1199 3154 ca·

139 3189 276 3268 talogum
302 3187 496 3266 conscripsi,
532 3190 584 3269 qui
608 3202 735 3249 tanturm
751 3189 874 3271 species
893 3186 1011 3267 alpinas
1032 3183 1200 3243 Helvetiae
1260 3247 1264 3252 ,

140 3290 171 3336 et
193 3274 381 3335 Germaniae
405 3276 619 3354 amplectitur:
649 3290 723 3337 nota
746 3291 794 3337 tot
818 3274 997 3355 specierum
1016 3292 1076 3353 per
1094 3270 1199 3351 regio-

139 3383 195 3423 nes
217 3361 402 3421 extensione
423 3360 527 3422 facilis
547 3376 614 3422 erat
635 3363 739 3424 labor:
767 3362 907 3424 continet
928 3360 1087 3439 catalogus
1113 3356 1200 3438 paul.

139 3451 203 3509 lum
218 3467 312 3532 supra
336 3450 563 3528 conspectas:
594 3450 701 3534 itaque
725 3456 787 3515 500
807 3449 929 3530 species
953 3444 1052 3505 {lurae
1075 3444 1197 3525 alpinae

43 3580 47 3592 .
140 3535 398 3620 pedemontanae,
423 3535 553 3616 gallicae
572 3553 603 3598 et
619 3539 854 3618 Pyrenaeorum
868 3533 1017 3616 propriae
1032 3545 1113 3591 sunt.

225 3621 259 3699 5)
281 3617 428 3702 Denique
450 3623 628 3705 quotientes
648 3646 687 3683 ex
704 3645 823 3684 summo
840 3645 880 3681 m.
896 3624 953 3680 Pie
971 3619 1012 3677 du
1031 3616 1110 3679 aridi
1128 3640 1144 3676 a
1162 3617 1201 3676 cl.

139 3705 283 3771 Ramond
308 3707 395 3768 datos
423 3707 462 3768 ad
486 3712 752 3789 comparationem
785 3707 933 3791 apposui:
975 3706 1021 3764 ibi
1055 3718 1203 3771 crescunt

140 3805 180 3866 71
197 3795 461 3877 Phanerogamae.
