<?xml version="1.0" encoding="UTF-8"?>
<!DOCTYPE html PUBLIC "-//W3C//DTD XHTML 1.0 Transitional//EN"
    "http://www.w3.org/TR/xhtml1/DTD/xhtml1-transitional.dtd">
<html xmlns="http://www.w3.org/1999/xhtml" xml:lang="en" lang="en">
 <head>
  <title>
</title>
<meta http-equiv="Content-Type" content="text/html;charset=utf-8" />
  <meta name='ocr-system' content='tesseract 3.04.00' />
  <meta name='ocr-capabilities' content='ocr_page ocr_carea ocr_par ocr_line ocrx_word'/>
</head>
<body>
  <div class='ocr_page' id='page_1' title='image "./generaetspecies00grisgoog_0072.png"; bbox 0 0 2664 4746; ppageno 0'>
   <div class='ocr_carea' id='block_1_1' title="bbox 174 288 856 380">
    <p class='ocr_par' dir='ltr' id='par_1_1' title="bbox 174 288 856 380">
     <span class='ocr_line' id='line_1_1' title="bbox 174 288 856 380; baseline 0.004 -13"><span class='ocrx_word' id='word_1_1' title='bbox 174 310 217 380; x_wconf 70' lang='grc'>50</span> <span class='ocrx_word' id='word_1_2' title='bbox 522 288 754 371; x_wconf 67' lang='lat' dir='ltr'>ficationem.</span> <span class='ocrx_word' id='word_1_3' title='bbox 776 288 856 370; x_wconf 76' lang='lat' dir='ltr'>Just.</span> 
     </span>
    </p>
   </div>
   <div class='ocr_carea' id='block_1_2' title="bbox 126 479 1268 2042">
    <p class='ocr_par' dir='ltr' id='par_1_2' title="bbox 126 479 1245 995">
     <span class='ocr_line' id='line_1_2' title="bbox 175 479 1240 564; baseline -0.006 -21"><span class='ocrx_word' id='word_1_4' title='bbox 175 479 305 564; x_wconf 81' lang='lat' dir='ltr'>hergius</span> <span class='ocrx_word' id='word_1_5' title='bbox 334 480 395 541; x_wconf 89' lang='lat' dir='ltr'>sihi</span> <span class='ocrx_word' id='word_1_6' title='bbox 425 479 458 540; x_wconf 89' lang='lat' dir='ltr'>in</span> <span class='ocrx_word' id='word_1_7' title='bbox 480 482 642 564; x_wconf 88' lang='lat' dir='ltr'>Lapponia</span> <span class='ocrx_word' id='word_1_8' title='bbox 674 485 712 544; x_wconf 88' lang='lat' dir='ltr'>G.</span> <span class='ocrx_word' id='word_1_9' title='bbox 736 482 882 542; x_wconf 87' lang='lat' dir='ltr'>tenellum</span> <span class='ocrx_word' id='word_1_10' title='bbox 906 493 938 541; x_wconf 88' lang='lat' dir='ltr'>et</span> <span class='ocrx_word' id='word_1_11' title='bbox 959 480 1096 545; x_wconf 87' lang='lat' dir='ltr'>nivalem</span> <span class='ocrx_word' id='word_1_12' title='bbox 1118 488 1240 540; x_wconf 89' lang='lat' dir='ltr'>tantum</span> 
     </span>
     <span class='ocr_line' id='line_1_3' title="bbox 175 567 1241 653; baseline -0.005 -24"><span class='ocrx_word' id='word_1_13' title='bbox 175 570 209 629; x_wconf 90' lang='lat' dir='ltr'>in</span> <span class='ocrx_word' id='word_1_14' title='bbox 232 567 395 650; x_wconf 82' lang='lat' dir='ltr'>graniticis</span> <span class='ocrx_word' id='word_1_15' title='bbox 418 568 589 630; x_wconf 74' lang='lat' dir='ltr'>obvenisse</span> <span class='ocrx_word' id='word_1_16' title='bbox 609 568 696 628; x_wconf 87' lang='lat' dir='ltr'>dicit.</span> <span class='ocrx_word' id='word_1_17' title='bbox 730 568 887 653; x_wconf 83' lang='lat' dir='ltr'>Equidem</span> <span class='ocrx_word' id='word_1_18' title='bbox 903 568 1018 628; x_wconf 91' lang='lat' dir='ltr'>nullam</span> <span class='ocrx_word' id='word_1_19' title='bbox 1032 567 1241 628; x_wconf 86' lang='lat' dir='ltr'>Gentianeam</span> 
     </span>
     <span class='ocr_line' id='line_1_4' title="bbox 175 652 1240 739; baseline -0.004 -23"><span class='ocrx_word' id='word_1_20' title='bbox 175 658 261 730; x_wconf 86' lang='lat' dir='ltr'>novi,</span> <span class='ocrx_word' id='word_1_21' title='bbox 286 653 451 733; x_wconf 84' lang='lat' dir='ltr'>distinctae</span> <span class='ocrx_word' id='word_1_22' title='bbox 467 655 659 716; x_wconf 81' lang='lat' dir='ltr'>formationi</span> <span class='ocrx_word' id='word_1_23' title='bbox 671 659 896 739; x_wconf 78' lang='lat' dir='ltr'>geognostioae</span> <span class='ocrx_word' id='word_1_24' title='bbox 913 668 1031 716; x_wconf 89' lang='lat' dir='ltr'>tantum</span> <span class='ocrx_word' id='word_1_25' title='bbox 1048 652 1240 735; x_wconf 81' lang='lat' dir='ltr'>indigenam,</span> 
     </span>
     <span class='ocr_line' id='line_1_5' title="bbox 126 739 1241 826; baseline -0.004 -23"><span class='ocrx_word' id='word_1_26' title='bbox 126 776 131 785; x_wconf 93' lang='lat'>·</span> <span class='ocrx_word' id='word_1_27' title='bbox 174 743 237 803; x_wconf 87' lang='lat' dir='ltr'>nisi</span> <span class='ocrx_word' id='word_1_28' title='bbox 260 744 353 804; x_wconf 88' lang='lat' dir='ltr'>Gent.</span> <span class='ocrx_word' id='word_1_29' title='bbox 376 741 565 816; x_wconf 77' lang='lat' dir='ltr'>cruciatam,</span> <span class='ocrx_word' id='word_1_30' title='bbox 588 764 681 826; x_wconf 85' lang='lat' dir='ltr'>quam</span> <span class='ocrx_word' id='word_1_31' title='bbox 705 741 903 804; x_wconf 88' lang='lat' dir='ltr'>solummodo</span> <span class='ocrx_word' id='word_1_32' title='bbox 926 741 960 802; x_wconf 92' lang='lat' dir='ltr'>in</span> <span class='ocrx_word' id='word_1_33' title='bbox 982 740 1133 804; x_wconf 85' lang='lat' dir='ltr'>calcareis</span> <span class='ocrx_word' id='word_1_34' title='bbox 1157 739 1241 802; x_wconf 82' lang='lat' dir='ltr'>vidi:</span> 
     </span>
     <span class='ocr_line' id='line_1_6' title="bbox 175 827 1245 913; baseline -0.003 -23"><span class='ocrx_word' id='word_1_35' title='bbox 175 845 241 890; x_wconf 91' lang='lat' dir='ltr'>tum</span> <span class='ocrx_word' id='word_1_36' title='bbox 265 849 389 913; x_wconf 91' lang='lat' dir='ltr'>quoque</span> <span class='ocrx_word' id='word_1_37' title='bbox 413 830 451 891; x_wconf 90' lang='lat' dir='ltr'>G.</span> <span class='ocrx_word' id='word_1_38' title='bbox 475 829 640 890; x_wconf 89' lang='lat' dir='ltr'>imbricata</span> <span class='ocrx_word' id='word_1_39' title='bbox 668 829 795 892; x_wconf 91' lang='lat' dir='ltr'>nonnisi</span> <span class='ocrx_word' id='word_1_40' title='bbox 826 831 857 890; x_wconf 92' lang='lat' dir='ltr'>in</span> <span class='ocrx_word' id='word_1_41' title='bbox 887 829 1076 891; x_wconf 75' lang='lat' dir='ltr'>formatione</span> <span class='ocrx_word' id='word_1_42' title='bbox 1107 827 1245 889; x_wconf 88' lang='lat' dir='ltr'>dolomi-</span> 
     </span>
     <span class='ocr_line' id='line_1_7' title="bbox 177 914 596 995; baseline -0.005 -18"><span class='ocrx_word' id='word_1_43' title='bbox 177 917 239 978; x_wconf 88' lang='lat' dir='ltr'>tica</span> <span class='ocrx_word' id='word_1_44' title='bbox 262 916 343 976; x_wconf 88' lang='lat' dir='ltr'>lecta</span> <span class='ocrx_word' id='word_1_45' title='bbox 367 935 437 977; x_wconf 91' lang='lat' dir='ltr'>esse</span> <span class='ocrx_word' id='word_1_46' title='bbox 459 914 596 995; x_wconf 73' lang='lat' dir='ltr'>ridetur.</span> 
     </span>
    </p>

    <p class='ocr_par' dir='ltr' id='par_1_3' title="bbox 169 1001 1268 1610">
     <span class='ocr_line' id='line_1_8' title="bbox 264 1001 1245 1088; baseline -0.009 -23"><span class='ocrx_word' id='word_1_47' title='bbox 264 1003 389 1077; x_wconf 86' lang='lat' dir='ltr'>Solum,</span> <span class='ocrx_word' id='word_1_48' title='bbox 422 1001 507 1086; x_wconf 84' lang='lat' dir='ltr'>quod</span> <span class='ocrx_word' id='word_1_49' title='bbox 537 1004 699 1065; x_wconf 85' lang='lat' dir='ltr'>Swertieis</span> <span class='ocrx_word' id='word_1_50' title='bbox 727 1004 889 1088; x_wconf 88' lang='lat' dir='ltr'>plerisque</span> <span class='ocrx_word' id='word_1_51' title='bbox 911 1003 1044 1065; x_wconf 86' lang='lat' dir='ltr'>maxime</span> <span class='ocrx_word' id='word_1_52' title='bbox 1066 1004 1176 1065; x_wconf 85' lang='lat' dir='ltr'>favere</span> <span class='ocrx_word' id='word_1_53' title='bbox 1200 1001 1245 1064; x_wconf 82' lang='lat' dir='ltr'>vi.</span> 
     </span>
     <span class='ocr_line' id='line_1_9' title="bbox 175 1086 1241 1176; baseline -0.002 -27"><span class='ocrx_word' id='word_1_54' title='bbox 175 1088 280 1164; x_wconf 77' lang='lat' dir='ltr'>detur,</span> <span class='ocrx_word' id='word_1_55' title='bbox 304 1104 353 1150; x_wconf 89' lang='lat' dir='ltr'>est</span> <span class='ocrx_word' id='word_1_56' title='bbox 375 1087 459 1172; x_wconf 84' lang='lat' dir='ltr'>quod</span> <span class='ocrx_word' id='word_1_57' title='bbox 482 1091 649 1170; x_wconf 81' lang='lat' dir='ltr'>agronomi</span> <span class='ocrx_word' id='word_1_58' title='bbox 671 1089 794 1153; x_wconf 87' lang='lat' dir='ltr'>acidum</span> <span class='ocrx_word' id='word_1_59' title='bbox 817 1105 949 1152; x_wconf 88' lang='lat' dir='ltr'>vocant:</span> <span class='ocrx_word' id='word_1_60' title='bbox 973 1089 1057 1176; x_wconf 86' lang='lat' dir='ltr'>quod</span> <span class='ocrx_word' id='word_1_61' title='bbox 1081 1087 1164 1149; x_wconf 86' lang='lat' dir='ltr'>acidi</span> <span class='ocrx_word' id='word_1_62' title='bbox 1186 1086 1241 1147; x_wconf 91' lang='lat' dir='ltr'>hu·</span> 
     </span>
     <span class='ocr_line' id='line_1_10' title="bbox 177 1173 1243 1257; baseline -0.004 -19"><span class='ocrx_word' id='word_1_63' title='bbox 177 1177 253 1238; x_wconf 89' lang='lat' dir='ltr'>mici</span> <span class='ocrx_word' id='word_1_64' title='bbox 282 1177 378 1239; x_wconf 86' lang='lat' dir='ltr'>liberi</span> <span class='ocrx_word' id='word_1_65' title='bbox 409 1175 533 1257; x_wconf 89' lang='lat' dir='ltr'>copiam</span> <span class='ocrx_word' id='word_1_66' title='bbox 562 1176 714 1240; x_wconf 79' lang='lat' dir='ltr'>continet·</span> <span class='ocrx_word' id='word_1_67' title='bbox 766 1179 838 1238; x_wconf 87' lang='lat' dir='ltr'>Hoc</span> <span class='ocrx_word' id='word_1_68' title='bbox 869 1199 947 1239; x_wconf 87' lang='lat' dir='ltr'>vero</span> <span class='ocrx_word' id='word_1_69' title='bbox 985 1199 1048 1238; x_wconf 94' lang='lat' dir='ltr'>non</span> <span class='ocrx_word' id='word_1_70' title='bbox 1083 1177 1166 1239; x_wconf 77' lang='lat' dir='ltr'>valet</span> <span class='ocrx_word' id='word_1_71' title='bbox 1202 1173 1243 1234; x_wconf 77' lang='lat' dir='ltr'>&lt;ie</span> 
     </span>
     <span class='ocr_line' id='line_1_11' title="bbox 179 1261 1243 1349; baseline -0.002 -25"><span class='ocrx_word' id='word_1_72' title='bbox 179 1264 413 1335; x_wconf 85' lang='lat' dir='ltr'>Tretorrhizis,</span> <span class='ocrx_word' id='word_1_73' title='bbox 439 1282 497 1323; x_wconf 89' lang='lat' dir='ltr'>nec</span> <span class='ocrx_word' id='word_1_74' title='bbox 521 1261 561 1325; x_wconf 86' lang='lat' dir='ltr'>de</span> <span class='ocrx_word' id='word_1_75' title='bbox 586 1266 680 1326; x_wconf 87' lang='lat' dir='ltr'>Gent.</span> <span class='ocrx_word' id='word_1_76' title='bbox 708 1263 826 1337; x_wconf 66' lang='lat' dir='ltr'>cilina,</span> <span class='ocrx_word' id='word_1_77' title='bbox 857 1265 970 1349; x_wconf 88' lang='lat' dir='ltr'>quibus</span> <span class='ocrx_word' id='word_1_78' title='bbox 993 1265 1093 1348; x_wconf 82' lang='lat' dir='ltr'>magis</span> <span class='ocrx_word' id='word_1_79' title='bbox 1117 1264 1243 1324; x_wconf 81' lang='lat' dir='ltr'><strong>siccitas</strong></span> 
     </span>
     <span class='ocr_line' id='line_1_12' title="bbox 169 1348 1268 1433; baseline -0.003 -22"><span class='ocrx_word' id='word_1_80' title='bbox 169 1349 239 1412; x_wconf 74' lang='lat' dir='ltr'>‘soli</span> <span class='ocrx_word' id='word_1_81' title='bbox 274 1350 453 1413; x_wconf 88' lang='lat' dir='ltr'>necessaria</span> <span class='ocrx_word' id='word_1_82' title='bbox 489 1365 549 1412; x_wconf 87' lang='lat' dir='ltr'>cst.</span> <span class='ocrx_word' id='word_1_83' title='bbox 604 1350 865 1432; x_wconf 84' lang='lat' dir='ltr'>Menyanthidcae</span> <span class='ocrx_word' id='word_1_84' title='bbox 898 1365 1015 1413; x_wconf 90' lang='lat' dir='ltr'>tantum</span> <span class='ocrx_word' id='word_1_85' title='bbox 1051 1353 1085 1411; x_wconf 94' lang='lat' dir='ltr'>in</span> <span class='ocrx_word' id='word_1_86' title='bbox 1115 1348 1268 1433; x_wconf 58' lang='lat' dir='ltr'>aquosis*</span> 
     </span>
     <span class='ocr_line' id='line_1_13' title="bbox 177 1435 1243 1524; baseline -0.006 -22"><span class='ocrx_word' id='word_1_87' title='bbox 177 1438 305 1502; x_wconf 77' lang='lat' dir='ltr'>vivunt:</span> <span class='ocrx_word' id='word_1_88' title='bbox 329 1435 567 1498; x_wconf 86' lang='lat' dir='ltr'>Limnanthema</span> <span class='ocrx_word' id='word_1_89' title='bbox 590 1439 674 1499; x_wconf 88' lang='lat' dir='ltr'>enim</span> <span class='ocrx_word' id='word_1_90' title='bbox 691 1451 764 1498; x_wconf 91' lang='lat' dir='ltr'>sunt</span> <span class='ocrx_word' id='word_1_91' title='bbox 780 1439 904 1520; x_wconf 88' lang='lat' dir='ltr'>plantae</span> <span class='ocrx_word' id='word_1_92' title='bbox 922 1439 1093 1524; x_wconf 79' lang='lat' dir='ltr'>aquaticae,</span> <span class='ocrx_word' id='word_1_93' title='bbox 1117 1451 1243 1499; x_wconf 88' lang='lat' dir='ltr'>ceterae</span> 
     </span>
     <span class='ocr_line' id='line_1_14' title="bbox 176 1525 554 1610; baseline -0.011 -23"><span class='ocrx_word' id='word_1_94' title='bbox 176 1525 335 1610; x_wconf 79' lang='lat' dir='ltr'>palustres</span> <span class='ocrx_word' id='word_1_95' title='bbox 358 1525 379 1584; x_wconf 91' lang='lat' dir='ltr'>l.</span> <span class='ocrx_word' id='word_1_96' title='bbox 402 1544 554 1586; x_wconf 85' lang='lat' dir='ltr'>emersae.</span> 
     </span>
    </p>

    <p class='ocr_par' dir='ltr' id='par_1_4' title="bbox 159 1610 1246 2042">
     <span class='ocr_line' id='line_1_15' title="bbox 265 1610 1245 1696; baseline -0.002 -24"><span class='ocrx_word' id='word_1_97' title='bbox 265 1615 382 1685; x_wconf 84' lang='lat' dir='ltr'>Lusus,</span> <span class='ocrx_word' id='word_1_98' title='bbox 407 1611 460 1694; x_wconf 89' lang='lat' dir='ltr'>qui</span> <span class='ocrx_word' id='word_1_99' title='bbox 483 1612 619 1673; x_wconf 87' lang='lat' dir='ltr'>statione</span> <span class='ocrx_word' id='word_1_100' title='bbox 642 1624 757 1673; x_wconf 85' lang='lat' dir='ltr'>mutata</span> <span class='ocrx_word' id='word_1_101' title='bbox 780 1627 959 1685; x_wconf 90' lang='lat' dir='ltr'>nascuntur,</span> <span class='ocrx_word' id='word_1_102' title='bbox 983 1633 1079 1696; x_wconf 91' lang='lat' dir='ltr'>quum</span> <span class='ocrx_word' id='word_1_103' title='bbox 1100 1610 1245 1672; x_wconf 84' lang='lat' dir='ltr'>extensio</span> 
     </span>
     <span class='ocr_line' id='line_1_16' title="bbox 178 1697 1243 1783; baseline -0.001 -23"><span class='ocrx_word' id='word_1_104' title='bbox 178 1721 238 1783; x_wconf 85' lang='lat' dir='ltr'>per</span> <span class='ocrx_word' id='word_1_105' title='bbox 271 1699 414 1760; x_wconf 87' lang='lat' dir='ltr'>diversas</span> <span class='ocrx_word' id='word_1_106' title='bbox 445 1697 651 1762; x_wconf 83' lang='lat' dir='ltr'>formationes</span> <span class='ocrx_word' id='word_1_107' title='bbox 683 1699 715 1758; x_wconf 92' lang='lat' dir='ltr'>in</span> <span class='ocrx_word' id='word_1_108' title='bbox 745 1699 863 1762; x_wconf 83' lang='lat' dir='ltr'>familia</span> <span class='ocrx_word' id='word_1_109' title='bbox 890 1698 974 1760; x_wconf 81' lang='lat' dir='ltr'>haud</span> <span class='ocrx_word' id='word_1_110' title='bbox 1003 1699 1156 1783; x_wconf 83' lang='lat' dir='ltr'>frequens</span> <span class='ocrx_word' id='word_1_111' title='bbox 1191 1698 1243 1770; x_wconf 85' lang='lat' dir='ltr'>sit,</span> 
     </span>
     <span class='ocr_line' id='line_1_17' title="bbox 179 1785 1245 1870; baseline -0.003 -22"><span class='ocrx_word' id='word_1_112' title='bbox 179 1799 298 1848; x_wconf 81' lang='lat' dir='ltr'>tantmn</span> <span class='ocrx_word' id='word_1_113' title='bbox 328 1786 398 1845; x_wconf 89' lang='lat' dir='ltr'>fere</span> <span class='ocrx_word' id='word_1_114' title='bbox 426 1786 458 1844; x_wconf 91' lang='lat' dir='ltr'>in</span> <span class='ocrx_word' id='word_1_115' title='bbox 491 1786 602 1867; x_wconf 87' lang='lat' dir='ltr'>paucis</span> <span class='ocrx_word' id='word_1_116' title='bbox 631 1785 802 1870; x_wconf 78' lang='lat' dir='ltr'>generibus</span> <span class='ocrx_word' id='word_1_117' title='bbox 837 1787 1008 1848; x_wconf 88' lang='lat' dir='ltr'>scrutatori</span> <span class='ocrx_word' id='word_1_118' title='bbox 1046 1785 1245 1870; x_wconf 83' lang='lat' dir='ltr'>systematico</span> 
     </span>
     <span class='ocr_line' id='line_1_18' title="bbox 159 1871 1245 1954; baseline -0.002 -20"><span class='ocrx_word' id='word_1_119' title='bbox 159 1872 324 1944; x_wconf 78' lang='lat' dir='ltr'>‚obstant,</span> <span class='ocrx_word' id='word_1_120' title='bbox 349 1872 495 1954; x_wconf 85' lang='lat' dir='ltr'>inprimis</span> <span class='ocrx_word' id='word_1_121' title='bbox 516 1873 549 1932; x_wconf 93' lang='lat' dir='ltr'>in</span> <span class='ocrx_word' id='word_1_122' title='bbox 571 1873 770 1954; x_wconf 85' lang='lat' dir='ltr'>Erythraeis,</span> <span class='ocrx_word' id='word_1_123' title='bbox 794 1874 827 1934; x_wconf 91' lang='lat' dir='ltr'>in</span> <span class='ocrx_word' id='word_1_124' title='bbox 847 1873 1008 1936; x_wconf 89' lang='lat' dir='ltr'>Chironiis</span> <span class='ocrx_word' id='word_1_125' title='bbox 1031 1887 1063 1935; x_wconf 88' lang='lat' dir='ltr'>et</span> <span class='ocrx_word' id='word_1_126' title='bbox 1084 1871 1245 1935; x_wconf 88' lang='lat' dir='ltr'>nonnullis</span> 
     </span>
     <span class='ocr_line' id='line_1_19' title="bbox 181 1958 1246 2042; baseline -0.004 -19"><span class='ocrx_word' id='word_1_127' title='bbox 181 1959 359 2032; x_wconf 82' lang='lat' dir='ltr'>Gentianis,</span> <span class='ocrx_word' id='word_1_128' title='bbox 397 1958 472 2018; x_wconf 86' lang='lat' dir='ltr'>dein</span> <span class='ocrx_word' id='word_1_129' title='bbox 499 1958 532 2018; x_wconf 92' lang='lat' dir='ltr'>in</span> <span class='ocrx_word' id='word_1_130' title='bbox 568 1960 839 2042; x_wconf 83' lang='lat' dir='ltr'>Menyanthideis:</span> <span class='ocrx_word' id='word_1_131' title='bbox 883 1975 914 2022; x_wconf 89' lang='lat' dir='ltr'>at</span> <span class='ocrx_word' id='word_1_132' title='bbox 947 1963 1034 2022; x_wconf 88' lang='lat' dir='ltr'>lusus</span> <span class='ocrx_word' id='word_1_133' title='bbox 1067 1961 1246 2042; x_wconf 84' lang='lat' dir='ltr'>plantarum</span> 
     </span>
    </p>
   </div>
   <div class='ocr_carea' id='block_1_3' title="bbox 81 2045 1317 2132">
    <p class='ocr_par' dir='ltr' id='par_1_5' title="bbox 81 2045 1317 2132">
     <span class='ocr_line' id='line_1_20' title="bbox 81 2045 1317 2132; baseline -0.004 -21"><span class='ocrx_word' id='word_1_134' title='bbox 81 2109 84 2111; x_wconf 73' lang='grc'><strong>,</strong></span> <span class='ocrx_word' id='word_1_135' title='bbox 179 2047 392 2132; x_wconf 89' lang='lat' dir='ltr'>aquaticarum</span> <span class='ocrx_word' id='word_1_136' title='bbox 408 2045 507 2128; x_wconf 81' lang='lat' dir='ltr'>magis</span> <span class='ocrx_word' id='word_1_137' title='bbox 521 2066 561 2106; x_wconf 87' lang='lat' dir='ltr'>cx</span> <span class='ocrx_word' id='word_1_138' title='bbox 574 2047 758 2109; x_wconf 82' lang='lat' dir='ltr'>evolutione</span> <span class='ocrx_word' id='word_1_139' title='bbox 781 2048 928 2128; x_wconf 89' lang='lat' dir='ltr'>partium,</span> <span class='ocrx_word' id='word_1_140' title='bbox 952 2048 1078 2130; x_wconf 89' lang='lat' dir='ltr'>saepius</span> <span class='ocrx_word' id='word_1_141' title='bbox 1091 2068 1156 2110; x_wconf 88' lang='lat' dir='ltr'>nou</span> <span class='ocrx_word' id='word_1_142' title='bbox 1170 2047 1245 2108; x_wconf 89' lang='lat' dir='ltr'>satis</span> <span class='ocrx_word' id='word_1_143' title='bbox 1314 2112 1317 2117; x_wconf 49' lang='grc'>,</span> 
     </span>
    </p>
   </div>
   <div class='ocr_carea' id='block_1_4' title="bbox 101 2132 1302 4136">
    <p class='ocr_par' dir='ltr' id='par_1_6' title="bbox 104 2132 1302 3351">
     <span class='ocr_line' id='line_1_21' title="bbox 181 2132 1247 2219; baseline -0.002 -23"><span class='ocrx_word' id='word_1_144' title='bbox 181 2135 385 2217; x_wconf 83' lang='lat' dir='ltr'>investigata,</span> <span class='ocrx_word' id='word_1_145' title='bbox 418 2154 510 2216; x_wconf 85' lang='lat' dir='ltr'>quam</span> <span class='ocrx_word' id='word_1_146' title='bbox 544 2153 583 2193; x_wconf 87' lang='lat' dir='ltr'>ex</span> <span class='ocrx_word' id='word_1_147' title='bbox 607 2134 740 2195; x_wconf 86' lang='lat' dir='ltr'>statione</span> <span class='ocrx_word' id='word_1_148' title='bbox 761 2132 904 2219; x_wconf 85' lang='lat' dir='ltr'>pendere</span> <span class='ocrx_word' id='word_1_149' title='bbox 926 2135 1086 2198; x_wconf 83' lang='lat' dir='ltr'>videntur.</span> <span class='ocrx_word' id='word_1_150' title='bbox 1129 2137 1247 2196; x_wconf 86' lang='lat' dir='ltr'>Exem-</span> 
     </span>
     <span class='ocr_line' id='line_1_22' title="bbox 181 2211 1245 2306; baseline 0.001 -24"><span class='ocrx_word' id='word_1_151' title='bbox 181 2222 250 2306; x_wconf 85' lang='lat' dir='ltr'>pla,</span> <span class='ocrx_word' id='word_1_152' title='bbox 274 2222 307 2282; x_wconf 90' lang='lat' dir='ltr'>in</span> <span class='ocrx_word' id='word_1_153' title='bbox 329 2211 442 2303; x_wconf 91' lang='lat' dir='ltr'>quihus</span> <span class='ocrx_word' id='word_1_154' title='bbox 461 2219 558 2281; x_wconf 81' lang='lat' dir='ltr'>&#39;statio</span> <span class='ocrx_word' id='word_1_155' title='bbox 580 2233 696 2282; x_wconf 85' lang='lat' dir='ltr'>mutata</span> <span class='ocrx_word' id='word_1_156' title='bbox 718 2221 821 2282; x_wconf 90' lang='lat' dir='ltr'>lusum</span> <span class='ocrx_word' id='word_1_157' title='bbox 840 2219 1022 2286; x_wconf 84' lang='lat' dir='ltr'>distinctum</span> <span class='ocrx_word' id='word_1_158' title='bbox 1045 2221 1245 2297; x_wconf 85' lang='lat' dir='ltr'>determinat,</span> 
     </span>
     <span class='ocr_line' id='line_1_23' title="bbox 182 2306 1246 2394; baseline -0.001 -24"><span class='ocrx_word' id='word_1_159' title='bbox 182 2323 305 2370; x_wconf 85' lang='lat' dir='ltr'>exstant</span> <span class='ocrx_word' id='word_1_160' title='bbox 334 2309 367 2367; x_wconf 90' lang='lat' dir='ltr'>in</span> <span class='ocrx_word' id='word_1_161' title='bbox 397 2306 551 2368; x_wconf 89' lang='lat' dir='ltr'>Gentiana</span> <span class='ocrx_word' id='word_1_162' title='bbox 579 2309 766 2390; x_wconf 87' lang='lat' dir='ltr'>campestri,</span> <span class='ocrx_word' id='word_1_163' title='bbox 805 2330 901 2394; x_wconf 89' lang='lat' dir='ltr'>quum</span> <span class='ocrx_word' id='word_1_164' title='bbox 932 2307 1065 2372; x_wconf 88' lang='lat' dir='ltr'>formam</span> <span class='ocrx_word' id='word_1_165' title='bbox 1096 2309 1246 2370; x_wconf 89' lang='lat' dir='ltr'>humilem</span> 
     </span>
     <span class='ocr_line' id='line_1_24' title="bbox 182 2390 1247 2478; baseline -0.002 -21"><span class='ocrx_word' id='word_1_166' title='bbox 182 2410 279 2458; x_wconf 84' lang='lat' dir='ltr'>atram</span> <span class='ocrx_word' id='word_1_167' title='bbox 301 2390 507 2476; x_wconf 87' lang='lat' dir='ltr'>pauciiloram</span> <span class='ocrx_word' id='word_1_168' title='bbox 531 2394 724 2458; x_wconf 90' lang='lat' dir='ltr'>erioetorum</span> <span class='ocrx_word' id='word_1_169' title='bbox 749 2415 821 2457; x_wconf 89' lang='lat' dir='ltr'>cum</span> <span class='ocrx_word' id='word_1_170' title='bbox 847 2394 950 2458; x_wconf 89' lang='lat' dir='ltr'>forma</span> <span class='ocrx_word' id='word_1_171' title='bbox 971 2395 1078 2478; x_wconf 86' lang='lat' dir='ltr'>pedali</span> <span class='ocrx_word' id='word_1_172' title='bbox 1097 2395 1179 2458; x_wconf 83' lang='lat' dir='ltr'>laete</span> <span class='ocrx_word' id='word_1_173' title='bbox 1201 2397 1247 2460; x_wconf 79' lang='lat' dir='ltr'>ri.</span> 
     </span>
     <span class='ocr_line' id='line_1_25' title="bbox 181 2481 1246 2566; baseline -0.001 -21"><span class='ocrx_word' id='word_1_174' title='bbox 181 2485 267 2545; x_wconf 89' lang='lat' dir='ltr'>renti</span> <span class='ocrx_word' id='word_1_175' title='bbox 288 2481 481 2566; x_wconf 86' lang='lat' dir='ltr'>pyramidata</span> <span class='ocrx_word' id='word_1_176' title='bbox 505 2496 666 2563; x_wconf 82' lang='lat' dir='ltr'>pratorum</span> <span class='ocrx_word' id='word_1_177' title='bbox 688 2483 851 2565; x_wconf 81' lang='lat' dir='ltr'>pinguium</span> <span class='ocrx_word' id='word_1_178' title='bbox 878 2498 1098 2546; x_wconf 88' lang='lat' dir='ltr'>montanorum</span> <span class='ocrx_word' id='word_1_179' title='bbox 1121 2503 1246 2566; x_wconf 88' lang='lat' dir='ltr'>compa·</span> 
     </span>
     <span class='ocr_line' id='line_1_26' title="bbox 182 2569 1246 2654; baseline 0.001 -22"><span class='ocrx_word' id='word_1_180' title='bbox 182 2592 255 2633; x_wconf 88' lang='lat' dir='ltr'>rare</span> <span class='ocrx_word' id='word_1_181' title='bbox 278 2572 367 2643; x_wconf 87' lang='lat' dir='ltr'>veiis,</span> <span class='ocrx_word' id='word_1_182' title='bbox 390 2570 410 2630; x_wconf 93' lang='lat' dir='ltr'>l.</span> <span class='ocrx_word' id='word_1_183' title='bbox 434 2570 468 2630; x_wconf 89' lang='lat' dir='ltr'>iu</span> <span class='ocrx_word' id='word_1_184' title='bbox 486 2570 579 2630; x_wconf 88' lang='lat' dir='ltr'>Geut.</span> <span class='ocrx_word' id='word_1_185' title='bbox 602 2571 709 2639; x_wconf 82' lang='lat' dir='ltr'>nivali,</span> <span class='ocrx_word' id='word_1_186' title='bbox 733 2571 830 2631; x_wconf 69' lang='lat' dir='ltr'>si‘aut</span> <span class='ocrx_word' id='word_1_187' title='bbox 844 2570 876 2631; x_wconf 91' lang='lat' dir='ltr'>in</span> <span class='ocrx_word' id='word_1_188' title='bbox 891 2569 1106 2654; x_wconf 79' lang='lat' dir='ltr'>saxis‘alpinis</span> <span class='ocrx_word' id='word_1_189' title='bbox 1118 2571 1246 2644; x_wconf 90' lang='lat' dir='ltr'>crescit,</span> 
     </span>
     <span class='ocr_line' id='line_1_27' title="bbox 183 2655 1247 2739; baseline -0.001 -20"><span class='ocrx_word' id='word_1_190' title='bbox 183 2671 236 2719; x_wconf 90' lang='lat' dir='ltr'>aut</span> <span class='ocrx_word' id='word_1_191' title='bbox 263 2657 295 2717; x_wconf 92' lang='lat' dir='ltr'>in</span> <span class='ocrx_word' id='word_1_192' title='bbox 327 2657 425 2738; x_wconf 86' lang='lat' dir='ltr'>pratis</span> <span class='ocrx_word' id='word_1_193' title='bbox 464 2657 652 2739; x_wconf 81' lang='lat' dir='ltr'>graminosis</span> <span class='ocrx_word' id='word_1_194' title='bbox 688 2655 848 2717; x_wconf 86' lang='lat' dir='ltr'>fertilibus</span> <span class='ocrx_word' id='word_1_195' title='bbox 886 2658 1008 2720; x_wconf 90' lang='lat' dir='ltr'>occulta</span> <span class='ocrx_word' id='word_1_196' title='bbox 1037 2672 1095 2718; x_wconf 89' lang='lat' dir='ltr'>est.</span> <span class='ocrx_word' id='word_1_197' title='bbox 1157 2658 1247 2719; x_wconf 78' lang='lat' dir='ltr'>Aliae</span> 
     </span>
     <span class='ocr_line' id='line_1_28' title="bbox 184 2741 1248 2828; baseline 0 -23"><span class='ocrx_word' id='word_1_198' title='bbox 184 2744 308 2828; x_wconf 87' lang='lat' dir='ltr'>species</span> <span class='ocrx_word' id='word_1_199' title='bbox 331 2743 428 2826; x_wconf 82' lang='lat' dir='ltr'>magis</span> <span class='ocrx_word' id='word_1_200' title='bbox 454 2741 602 2824; x_wconf 88' lang='lat' dir='ltr'>torpidae</span> <span class='ocrx_word' id='word_1_201' title='bbox 628 2755 719 2804; x_wconf 90' lang='lat' dir='ltr'>sunt:</span> <span class='ocrx_word' id='word_1_202' title='bbox 744 2743 788 2804; x_wconf 89' lang='lat' dir='ltr'>ita</span> <span class='ocrx_word' id='word_1_203' title='bbox 809 2744 983 2824; x_wconf 84' lang='lat' dir='ltr'>Erythraea</span> <span class='ocrx_word' id='word_1_204' title='bbox 1004 2743 1174 2807; x_wconf 88' lang='lat' dir='ltr'>linarifolia</span> <span class='ocrx_word' id='word_1_205' title='bbox 1197 2765 1248 2805; x_wconf 89' lang='lat' dir='ltr'>ea-</span> 
     </span>
     <span class='ocr_line' id='line_1_29' title="bbox 185 2830 1247 2914; baseline 0.001 -23"><span class='ocrx_word' id='word_1_206' title='bbox 185 2831 321 2892; x_wconf 83' lang='lat' dir='ltr'>domest</span> <span class='ocrx_word' id='word_1_207' title='bbox 338 2831 371 2890; x_wconf 89' lang='lat' dir='ltr'>in</span> <span class='ocrx_word' id='word_1_208' title='bbox 394 2830 493 2912; x_wconf 87' lang='lat' dir='ltr'>pratis</span> <span class='ocrx_word' id='word_1_209' title='bbox 515 2830 681 2909; x_wconf 76' lang='lat' dir='ltr'>maritimis</span> <span class='ocrx_word' id='word_1_210' title='bbox 704 2850 806 2912; x_wconf 87' lang='lat' dir='ltr'>prope</span> <span class='ocrx_word' id='word_1_211' title='bbox 821 2833 1028 2894; x_wconf 88' lang='lat' dir='ltr'>Rostochium</span> <span class='ocrx_word' id='word_1_212' title='bbox 1050 2832 1081 2894; x_wconf 84' lang='lat' dir='ltr'>et</span> <span class='ocrx_word' id='word_1_213' title='bbox 1097 2832 1131 2891; x_wconf 88' lang='lat' dir='ltr'>iu</span> <span class='ocrx_word' id='word_1_214' title='bbox 1146 2832 1247 2914; x_wconf 88' lang='lat' dir='ltr'>pratis</span> 
     </span>
     <span class='ocr_line' id='line_1_30' title="bbox 179 2916 1288 3001; baseline -0.001 -22"><span class='ocrx_word' id='word_1_215' title='bbox 179 2919 364 3001; x_wconf 88' lang='lat' dir='ltr'>iisquenou</span> <span class='ocrx_word' id='word_1_216' title='bbox 380 2916 487 2977; x_wconf 90' lang='lat' dir='ltr'>salinis</span> <span class='ocrx_word' id='word_1_217' title='bbox 509 2935 613 3000; x_wconf 88' lang='lat' dir='ltr'>prope</span> <span class='ocrx_word' id='word_1_218' title='bbox 623 2916 820 2997; x_wconf 84' lang='lat' dir='ltr'>Beroii&#39;nutn.</span> <span class='ocrx_word' id='word_1_219' title='bbox 866 2919 985 2982; x_wconf 88' lang='lat' dir='ltr'>Verum</span> <span class='ocrx_word' id='word_1_220' title='bbox 1009 2920 1036 2980; x_wconf 90' lang='lat' dir='ltr'>si</span> <span class='ocrx_word' id='word_1_221' title='bbox 1060 2918 1247 2981; x_wconf 84' lang='lat' dir='ltr'>Gentianam</span> <span class='ocrx_word' id='word_1_222' title='bbox 1287 2969 1288 2972; x_wconf 63' lang='lat'>,</span> 
     </span>
     <span class='ocr_line' id='line_1_31' title="bbox 178 3000 1246 3088; baseline -0.002 -21"><span class='ocrx_word' id='word_1_223' title='bbox 178 3006 358 3078; x_wconf 84' lang='lat' dir='ltr'>¹barbatam,</span> <span class='ocrx_word' id='word_1_224' title='bbox 383 3025 462 3088; x_wconf 88' lang='lat' dir='ltr'>quae</span> <span class='ocrx_word' id='word_1_225' title='bbox 484 3005 517 3064; x_wconf 88' lang='lat' dir='ltr'>in</span> <span class='ocrx_word' id='word_1_226' title='bbox 538 3004 639 3087; x_wconf 87' lang='lat' dir='ltr'>pratis</span> <span class='ocrx_word' id='word_1_227' title='bbox 659 3003 809 3066; x_wconf 90' lang='lat' dir='ltr'>suhsalsis</span> <span class='ocrx_word' id='word_1_228' title='bbox 831 3000 962 3068; x_wconf 82' lang='lat' dir='ltr'>Altnicis</span> <span class='ocrx_word' id='word_1_229' title='bbox 984 3007 1065 3068; x_wconf 91' lang='lat' dir='ltr'>lecta</span> <span class='ocrx_word' id='word_1_230' title='bbox 1086 3022 1151 3081; x_wconf 85' lang='lat' dir='ltr'>est,</span> <span class='ocrx_word' id='word_1_231' title='bbox 1174 3025 1246 3067; x_wconf 89' lang='lat' dir='ltr'>cum</span> 
     </span>
     <span class='ocr_line' id='line_1_32' title="bbox 186 3092 1247 3174; baseline -0.001 -20"><span class='ocrx_word' id='word_1_232' title='bbox 186 3094 286 3174; x_wconf 89' lang='lat' dir='ltr'>stirpe</span> <span class='ocrx_word' id='word_1_233' title='bbox 309 3093 464 3153; x_wconf 86' lang='lat' dir='ltr'>maritima</span> <span class='ocrx_word' id='word_1_234' title='bbox 485 3092 668 3174; x_wconf 87' lang='lat' dir='ltr'>Lapponiae</span> <span class='ocrx_word' id='word_1_235' title='bbox 690 3092 835 3166; x_wconf 85' lang='lat' dir='ltr'>confers,</span> <span class='ocrx_word' id='word_1_236' title='bbox 859 3093 912 3163; x_wconf 84' lang='lat' dir='ltr'>vix</span> <span class='ocrx_word' id='word_1_237' title='bbox 935 3094 998 3154; x_wconf 89' lang='lat' dir='ltr'>nisi</span> <span class='ocrx_word' id='word_1_238' title='bbox 1019 3095 1138 3156; x_wconf 88' lang='lat' dir='ltr'>formas</span> <span class='ocrx_word' id='word_1_239' title='bbox 1162 3107 1247 3154; x_wconf 88' lang='lat' dir='ltr'>tran-</span> 
     </span>
     <span class='ocr_line' id='line_1_33' title="bbox 185 3173 1302 3267; baseline 0 -27"><span class='ocrx_word' id='word_1_240' title='bbox 185 3179 312 3241; x_wconf 88' lang='lat' dir='ltr'>sitorias</span> <span class='ocrx_word' id='word_1_241' title='bbox 341 3177 479 3252; x_wconf 81' lang='lat' dir='ltr'>rideris,</span> <span class='ocrx_word' id='word_1_242' title='bbox 514 3177 553 3239; x_wconf 89' lang='lat' dir='ltr'>ad</span> <span class='ocrx_word' id='word_1_243' title='bbox 583 3173 714 3241; x_wconf 72' lang='lat' dir='ltr'>eandem</span> <span class='ocrx_word' id='word_1_244' title='bbox 746 3179 887 3262; x_wconf 88' lang='lat' dir='ltr'>speciem</span> <span class='ocrx_word' id='word_1_245' title='bbox 915 3195 1080 3267; x_wconf 89' lang='lat' dir='ltr'>utramque</span> <span class='ocrx_word' id='word_1_246' title='bbox 1110 3180 1245 3243; x_wconf 89' lang='lat' dir='ltr'>formam</span> <span class='ocrx_word' id='word_1_247' title='bbox 1296 3198 1302 3206; x_wconf 88' lang='lat'><strong>·</strong></span> 
     </span>
     <span class='ocr_line' id='line_1_34' title="bbox 104 3267 582 3351; baseline -0.008 -22"><span class='ocrx_word' id='word_1_248' title='bbox 104 3285 105 3290; x_wconf 72' lang='grc'>’</span> <span class='ocrx_word' id='word_1_249' title='bbox 184 3267 349 3351; x_wconf 85' lang='lat' dir='ltr'>pertinere</span> <span class='ocrx_word' id='word_1_250' title='bbox 371 3267 582 3328; x_wconf 84' lang='lat' dir='ltr'>concesseris.</span> 
     </span>
    </p>

    <p class='ocr_par' dir='ltr' id='par_1_7' title="bbox 101 3351 1247 3610">
     <span class='ocr_line' id='line_1_35' title="bbox 273 3351 1246 3438; baseline 0.003 -25"><span class='ocrx_word' id='word_1_251' title='bbox 273 3355 299 3413; x_wconf 89' lang='lat' dir='ltr'>A</span> <span class='ocrx_word' id='word_1_252' title='bbox 324 3366 388 3417; x_wconf 88' lang='lat' dir='ltr'>tota</span> <span class='ocrx_word' id='word_1_253' title='bbox 412 3352 530 3415; x_wconf 85' lang='lat' dir='ltr'>familia</span> <span class='ocrx_word' id='word_1_254' title='bbox 554 3353 689 3416; x_wconf 89' lang='lat' dir='ltr'>statione</span> <span class='ocrx_word' id='word_1_255' title='bbox 710 3352 876 3436; x_wconf 86' lang='lat' dir='ltr'>parasitica</span> <span class='ocrx_word' id='word_1_256' title='bbox 898 3354 1022 3415; x_wconf 89' lang='lat' dir='ltr'>recedit</span> <span class='ocrx_word' id='word_1_257' title='bbox 1042 3351 1164 3438; x_wconf 76' lang='lat' dir='ltr'>Voy‘ra3</span> <span class='ocrx_word' id='word_1_258' title='bbox 1195 3375 1246 3418; x_wconf 89' lang='lat' dir='ltr'>ce-</span> 
     </span>
     <span class='ocr_line' id='line_1_36' title="bbox 186 3437 1245 3529; baseline -0.002 -25"><span class='ocrx_word' id='word_1_259' title='bbox 186 3442 267 3504; x_wconf 90' lang='lat' dir='ltr'>teris</span> <span class='ocrx_word' id='word_1_260' title='bbox 287 3443 320 3502; x_wconf 93' lang='lat' dir='ltr'>in</span> <span class='ocrx_word' id='word_1_261' title='bbox 343 3441 525 3503; x_wconf 89' lang='lat' dir='ltr'>universum</span> <span class='ocrx_word' id='word_1_262' title='bbox 543 3437 603 3529; x_wconf 76' lang='lat' dir='ltr'>hae</span> <span class='ocrx_word' id='word_1_263' title='bbox 625 3440 696 3502; x_wconf 88' lang='lat' dir='ltr'>fere</span> <span class='ocrx_word' id='word_1_264' title='bbox 711 3454 783 3502; x_wconf 91' lang='lat' dir='ltr'>sunt</span> <span class='ocrx_word' id='word_1_265' title='bbox 801 3440 999 3505; x_wconf 84' lang='lat' dir='ltr'>conditiones</span> <span class='ocrx_word' id='word_1_266' title='bbox 1014 3441 1097 3506; x_wconf 83' lang='lat' dir='ltr'>ritae</span> <span class='ocrx_word' id='word_1_267' title='bbox 1110 3442 1245 3504; x_wconf 84' lang='lat' dir='ltr'>locales:</span> 
     </span>
     <span class='ocr_line' id='line_1_37' title="bbox 101 3526 1247 3610; baseline 0 -19"><span class='ocrx_word' id='word_1_268' title='bbox 101 3590 105 3603; x_wconf 84' lang='grc'><strong>,</strong></span> <span class='ocrx_word' id='word_1_269' title='bbox 186 3529 312 3591; x_wconf 90' lang='lat' dir='ltr'>luminis</span> <span class='ocrx_word' id='word_1_270' title='bbox 336 3528 448 3610; x_wconf 77' lang='lat' dir='ltr'>copia,¹</span> <span class='ocrx_word' id='word_1_271' title='bbox 479 3540 565 3588; x_wconf 89' lang='lat' dir='ltr'>terra</span> <span class='ocrx_word' id='word_1_272' title='bbox 590 3542 641 3590; x_wconf 85' lang='lat' dir='ltr'>aut</span> <span class='ocrx_word' id='word_1_273' title='bbox 667 3526 799 3588; x_wconf 88' lang='lat' dir='ltr'>humosa</span> <span class='ocrx_word' id='word_1_274' title='bbox 825 3526 1003 3604; x_wconf 83' lang='lat' dir='ltr'>humidior,</span> <span class='ocrx_word' id='word_1_275' title='bbox 1033 3542 1085 3591; x_wconf 85' lang='lat' dir='ltr'>sut</span> <span class='ocrx_word' id='word_1_276' title='bbox 1106 3528 1247 3591; x_wconf 82' lang='lat' dir='ltr'>calcares</span> 
     </span>
    </p>

    <p class='ocr_par' dir='ltr' id='par_1_8' title="bbox 162 3614 1249 4136">
     <span class='ocr_line' id='line_1_38' title="bbox 187 3614 1246 3700; baseline 0.001 -23"><span class='ocrx_word' id='word_1_277' title='bbox 187 3615 320 3688; x_wconf 86' lang='lat' dir='ltr'>siccior,</span> <span class='ocrx_word' id='word_1_278' title='bbox 352 3614 604 3698; x_wconf 85' lang='lat' dir='ltr'>Menyanthideis</span> <span class='ocrx_word' id='word_1_279' title='bbox 624 3637 704 3700; x_wconf 90' lang='lat' dir='ltr'>aqua</span> <span class='ocrx_word' id='word_1_280' title='bbox 721 3628 892 3697; x_wconf 87' lang='lat' dir='ltr'>perpetua,</span> <span class='ocrx_word' id='word_1_281' title='bbox 923 3615 1032 3698; x_wconf 81' lang='lat' dir='ltr'>paucis</span> <span class='ocrx_word' id='word_1_282' title='bbox 1055 3615 1246 3681; x_wconf 82' lang='lat' dir='ltr'>substantiae</span> 
     </span>
     <span class='ocr_line' id='line_1_39' title="bbox 188 3699 1246 3792; baseline -0.004 -24"><span class='ocrx_word' id='word_1_283' title='bbox 188 3703 320 3779; x_wconf 82' lang='lat' dir='ltr'>salinae3</span> <span class='ocrx_word' id='word_1_284' title='bbox 343 3707 453 3784; x_wconf 87' lang='lat' dir='ltr'>paucis</span> <span class='ocrx_word' id='word_1_285' title='bbox 475 3723 546 3764; x_wconf 87' lang='lat' dir='ltr'>saxa</span> <span class='ocrx_word' id='word_1_286' title='bbox 567 3700 639 3762; x_wconf 84' lang='lat' dir='ltr'>fere</span> <span class='ocrx_word' id='word_1_287' title='bbox 661 3701 817 3764; x_wconf 81' lang='lat' dir='ltr'>denudata</span> <span class='ocrx_word' id='word_1_288' title='bbox 840 3699 1010 3766; x_wconf 83' lang='lat' dir='ltr'>sufiiciunt.</span> <span class='ocrx_word' id='word_1_289' title='bbox 1054 3706 1162 3792; x_wconf 87' lang='lat' dir='ltr'>ltaque</span> <span class='ocrx_word' id='word_1_290' title='bbox 1184 3699 1246 3766; x_wconf 89' lang='lat' dir='ltr'>nec</span> 
     </span>
     <span class='ocr_line' id='line_1_40' title="bbox 186 3789 1249 3873; baseline 0 -21"><span class='ocrx_word' id='word_1_291' title='bbox 186 3792 220 3852; x_wconf 92' lang='lat' dir='ltr'>in</span> <span class='ocrx_word' id='word_1_292' title='bbox 242 3791 402 3862; x_wconf 88' lang='lat' dir='ltr'>arenosis,</span> <span class='ocrx_word' id='word_1_293' title='bbox 427 3811 485 3853; x_wconf 90' lang='lat' dir='ltr'>nec</span> <span class='ocrx_word' id='word_1_294' title='bbox 513 3789 678 3858; x_wconf 85' lang='lat' dir='ltr'>incultis,</span> <span class='ocrx_word' id='word_1_295' title='bbox 702 3809 762 3852; x_wconf 89' lang='lat' dir='ltr'>nec</span> <span class='ocrx_word' id='word_1_296' title='bbox 785 3791 819 3850; x_wconf 90' lang='lat' dir='ltr'>iu</span> <span class='ocrx_word' id='word_1_297' title='bbox 840 3790 1016 3867; x_wconf 86' lang='lat' dir='ltr'>fruticetis,</span> <span class='ocrx_word' id='word_1_298' title='bbox 1044 3813 1104 3854; x_wconf 88' lang='lat' dir='ltr'>neo</span> <span class='ocrx_word' id='word_1_299' title='bbox 1133 3793 1167 3854; x_wconf 88' lang='lat' dir='ltr'>iu</span> <span class='ocrx_word' id='word_1_300' title='bbox 1188 3791 1249 3873; x_wconf 76' lang='lat' dir='ltr'>syl-</span> 
     </span>
     <span class='ocr_line' id='line_1_41' title="bbox 187 3877 892 3962; baseline -0.006 -18"><span class='ocrx_word' id='word_1_301' title='bbox 187 3880 237 3944; x_wconf 82' lang='lat' dir='ltr'>ris</span> <span class='ocrx_word' id='word_1_302' title='bbox 257 3889 420 3939; x_wconf 88' lang='lat' dir='ltr'>crescunt:</span> <span class='ocrx_word' id='word_1_303' title='bbox 443 3891 533 3959; x_wconf 87' lang='lat' dir='ltr'>prata</span> <span class='ocrx_word' id='word_1_304' title='bbox 557 3877 693 3961; x_wconf 83' lang='lat' dir='ltr'>diligunt</span> <span class='ocrx_word' id='word_1_305' title='bbox 712 3891 751 3956; x_wconf 84' lang='lat' dir='ltr'>et</span> <span class='ocrx_word' id='word_1_306' title='bbox 768 3895 892 3962; x_wconf 89' lang='lat' dir='ltr'>pascua.</span> 
     </span>
     <span class='ocr_line' id='line_1_42' title="bbox 162 3954 1246 4048; baseline 0.006 -25"><span class='ocrx_word' id='word_1_307' title='bbox 162 4016 167 4023; x_wconf 92' lang='lat'><em>.</em></span> <span class='ocrx_word' id='word_1_308' title='bbox 273 3967 361 4027; x_wconf 87' lang='lat' dir='ltr'>Haec</span> <span class='ocrx_word' id='word_1_309' title='bbox 390 3960 548 4027; x_wconf 85' lang='lat' dir='ltr'>sufficiant</span> <span class='ocrx_word' id='word_1_310' title='bbox 571 3963 766 4046; x_wconf 79' lang='lat' dir='ltr'>fragmenta:</span> <span class='ocrx_word' id='word_1_311' title='bbox 799 3964 1004 4048; x_wconf 83' lang='lat' dir='ltr'>specialiora,</span> <span class='ocrx_word' id='word_1_312' title='bbox 1036 3954 1091 4029; x_wconf 89' lang='lat' dir='ltr'>ubi</span> <span class='ocrx_word' id='word_1_313' title='bbox 1111 3980 1246 4042; x_wconf 84' lang='lat' dir='ltr'>exstant,</span> 
     </span>
     <span class='ocr_line' id='line_1_43' title="bbox 185 4050 901 4136; baseline 0.003 -24"><span class='ocrx_word' id='word_1_314' title='bbox 185 4051 220 4112; x_wconf 90' lang='lat' dir='ltr'>in</span> <span class='ocrx_word' id='word_1_315' title='bbox 243 4053 421 4136; x_wconf 86' lang='lat' dir='ltr'>specierum</span> <span class='ocrx_word' id='word_1_316' title='bbox 445 4050 680 4114; x_wconf 86' lang='lat' dir='ltr'>enumeratione</span> <span class='ocrx_word' id='word_1_317' title='bbox 702 4051 901 4116; x_wconf 86' lang='lat' dir='ltr'>notabuntur.</span> 
     </span>
    </p>
   </div>
   <div class='ocr_carea' id='block_1_5' title="bbox 0 0 1349 4746">
    <p class='ocr_par' dir='ltr' id='par_1_9' title="bbox 0 0 1349 4746">
     <span class='ocr_line' id='line_1_44' title="bbox 0 0 1349 4746; baseline 0 0"><span class='ocrx_word' id='word_1_318' title='bbox 0 0 1349 4746; x_wconf 95' lang='lat' dir='ltr'> </span> 
     </span>
    </p>
   </div>
  </div>
 </body>
</html>
