2664 4746
163 291 206 364 84
523 274 730 356 Gentianeae.
767 280 855 379 linet.

227 507 453 572 Schedulae
484 511 531 571 <le
562 512 803 574 extensione
833 510 1159 574 Gentianearunt.
1244 555 1247 560 .

598 671 781 754 Species.

246 802 279 878 1)
304 803 460 860 Numerus
485 802 664 883 specierum
689 815 737 861 est
759 807 834 868 343.
870 803 910 850 -'-
957 804 1113 873 Numerus
1137 799 1230 859 Com-

157 885 332 970 po'sitarum
354 888 395 957 in,
411 887 593 949 Prodromo
617 887 826 950 Candolleana
851 891 912 950 erit
934 888 1004 948 sere
1020 893 1123 959 80003
1148 903 1227 967 quo-

159 975 240 1036 tiens
262 972 355 1055 hujus
379 973 518 1034 familiae
548 974 738 1036 universalis
762 990 892 1037 auctore
923 975 962 1037 ol.
987 972 1121 1034 Schouw
1146 991 1229 1030 scm-

156 1081 216 1143 per
238 1074 304 1122 erat
326 1059 382 1142 740:
415 1062 521 1146 itaque
550 1083 700 1123 numerus
732 1063 955 1146 vegetabilium
985 1063 1149 1142 hucusque
1174 1058 1229 1117 tle-

159 1162 315 1209 tectorum
340 1162 425 1208 esset
448 1155 569 1217 80000‚
594 1170 728 1232 quorum
752 1151 846 1210 multa
865 1149 993 1234 quidem
1015 1148 1048 1206 in
1064 1145 1229 1208 collectio.

160 1235 253 1296 nibus
287 1256 349 1295 non
380 1234 538 1317 descripta
563 1237 660 1299 latent
682 1256 740 1297 nec
765 1239 823 1310 ita,
853 1251 886 1298 ut
910 1236 1129 1318 Compositac,
1162 1233 1227 1291 ela-

156 1323 268 1383 borata
291 1335 384 1402 sunt.¹
417 1324 466 1380 Ex
489 1344 548 1406 qua
573 1325 843 1405 argumentatione
864 1324 1059 1385 Gentianeae
1080 1320 1149 1380 fere
1176 1319 1229 1399 Ἀ)

157 1410 254 1471 totius
277 1409 370 1489 regni
393 1409 581 1492 vegetabilis
605 1409 750 1471 formant.

243 1499 277 1572 2)
302 1495 581 1557 Gentianeaefere
605 1498 636 1557 in
659 1511 727 1558 toto
751 1511 907 1559 terrarum
932 1497 1010 1558 orbe
1034 1505 1223 1555 occurrunt:

157 1584 297 1644 nondum
327 1583 408 1643 lecta
439 1599 488 1644 est
518 1584 580 1644 ulla
604 1585 730 1665 species
755 1587 786 1644 in
810 1587 974 1668 plerisque
997 1581 1108 1642 insulis
1131 1579 1227 1639 maris
1302 1623 1305 1626 .

156 1667 299 1752 pacifici,
322 1670 412 1730 Nova
434 1670 604 1731 Hollantlia
626 1673 765 1752 tropica,
796 1673 907 1733 insulis
931 1672 1058 1742 Timor,
1082 1671 1226 1728 Sumatra

156 1757 290 1840 aliisque
311 1752 410 1817 llorac
433 1759 650 1840 polynesicae‚
675 1761 789 1820 necin
814 1759 950 1820 desertis
961 1755 1131 1827 Africanis,
1161 1772 1222 1812 nec

159 1844 191 1904 in
204 1839 294 1904 'flora
316 1845 518 1904 'Venezuelae
541 1846 674 1926 litorali:
703 1847 756 1908 vix
787 1867 913 1931 quoque
936 1849 1084 1925 Europae
1107 1855 1226 1902 austra-

158 1930 249 1990 lioris
271 1944 394 1991 montes
418 1931 544 1991 intrant.

246 2019 283 2096 3)
317 2017 450 2097 Species
479 2032 597 2081 tantum
627 2020 761 2080 vicarias
790 2022 897 2102 plures
921 2018 1020 2082 florae
1039 2018 1225 2099 proferunt:

65 2138 77 2161 ι
159 2125 176 2164 e
219 2123 246 2165 c.
277 2105 418 2164 Litorale
454 2107 653 2167 Mexicanum
683 2108 843 2189 totiusque
875 2109 1043 2176 Americae
1079 2103 1225 2165 australis

157 2190 242 2272 juxta
270 2212 356 2253 mare
382 2189 546 2273 pacificum
572 2208 752 2270 extensum,
784 2200 873 2255 Nova
902 2193 1086 2261 Hollandia,
1117 2189 1226 2250 Africa

158 2279 296 2361 tropica,
321 2277 437 2339 Arabia
463 2293 509 2351 et,
532 2301 609 2363 quae
627 2280 730 2341 minus
754 2297 846 2342 notae
868 2295 953 2350 sunt‚
979 2279 1100 2349 Persia,
1116 2277 1225 2336 Cbina.

244 2370 279 2443 4)
304 2369 339 2424 ln
362 2366 495 2447 tropicis
517 2383 666 2434 crescunt
689 2377 753 2435 ‘210
778 2369 921 2449 species,
943 2368 974 2425 in
1004 2365 1226 2445 extratropicis

158 2459 239 2526 133,
263 2474 396 2535 quarum
420 2460 461 2519 45
483 2454 516 2512 in
539 2453 763 2537 hemisphaera
783 2455 913 2515 australi
937 2453 1150 2533 extratropica
1167 2450 1225 2510 ba·

114 2579 116 2584 ·
158 2540 268 2602 bitant.
314 2545 423 2624 Itaque
446 2559 505 2600 nec
534 2542 656 2623 tropica
684 2562 744 2602 nec
766 2541 977 2623 extratropica
1004 2539 1150 2621 inprimis
1181 2537 1226 2597 l'a-

158 2626 244 2687 milia
270 2627 335 2686 diei
356 2640 471 2707 potest.

246 2711 283 2789 5)
315 2715 439 2773 Novum
469 2711 591 2774 Orbem
625 2715 767 2775 incolunt
799 2722 860 2780 180
891 2715 1032 2795 species,
1065 2714 1224 2795 antiquum

159 2805 238 2868 175:
270 2800 388 2859 etenim
415 2807 454 2866 12
474 2801 601 2882 utrique
622 2819 805 2870 communes
826 2814 907 2862 sunt.

245 2886 281 2963 6)
294 2887 451 2947 Plurimas
466 2888 589 2969 species
605 2885 684 2949 flora
698 2889 832 2949 Andium
853 2895 1041 2948 summarum
1061 2886 1115 2946 alit
1131 2885 1222 2964 (51);
1245 2922 1248 2937 ·

160 2989 334 3058 sequuntur
361 2974 493 3038 Brasilia
519 2975 644 3055 tropica
671 2977 759 3055 (46),
796 2989 918 3036 montes
941 2971 1116 3054 Himalajah
1140 2974 1223 3052 (41),

158 3063 240 3126 Unio
265 3063 358 3139 (33);
394 3061 469 3124 dein
500 3075 531 3123 et
554 3058 634 3122 ssora
660 3064 763 3144 alpina
790 3065 938 3147 Europae
969 3076 1002 3123 et
1027 3060 1155 3121 sibirica
1183 3064 1225 3125 32

121 3161 123 3167 ’
160 3148 284 3229 species
306 3146 492 3231 proferunt,
512 3149 695 3231 ¹llindostan
715 3159 777 3222 30,
806 3153 906 3231 Caput
930 3152 1032 3209 bonae
1053 3149 1120 3229 spei
1144 3145 1200 3212 25?

245 3239 280 3310 7)
319 3238 355 3295 In
385 3234 571 3318 regionibus
601 3258 696 3317 supra
728 3235 821 3302 5000'
853 3237 982 3298 elevatis
1012 3240 1071 3301 135
1100 3234 1224 3314 species

160 3324 286 3404 rigent,
311 3322 343 3381 in
367 3322 594 3384 declivioribus
619 3323 689 3384 fere
705 3331 769 3392 230
788 3325 928 3405 species:
952 3325 1058 3406 itaque
1071 3321 1223 3380 montium

161 3409 262 3492 spatio
285 3409 381 3491 longo
401 3409 516 3469 minori
531 3410 747 3475 considerato.
768 3409 904 3471 familiae
923 3413 955 3470 in
973 3409 1086 3491 alpinis
1100 3409 1224 3469 culmen

160 3515 250 3569 esse,
280 3495 485 3578 intelligitura
507 3511 611 3557 tamen
634 3499 695 3559 etsi
722 3497 915 3560 Gentianeae
933 3498 1104 3579 plerosque
1125 3510 1224 3554 terra·

160 3604 229 3644 rum
253 3596 377 3643 montes
399 3585 503 3644 multis
523 3585 689 3666 speciebus
712 3599 842 3662 ornant,
867 3586 965 3645 multo
988 3583 1127 3643 rariores
1153 3595 1224 3641 sunt

161 3683 213 3732 eut
234 3670 363 3731 omnino
386 3667 538 3731 deliciunt
563 3671 596 3730 in
619 3672 742 3753 alpibus
772 3672 963 3743 Mentissam,
989 3669 1132 3743 lamnis,
1158 3682 1222 3728 tum

161 3758 194 3818 in
215 3777 335 3817 summo
361 3771 467 3819 monte
488 3756 671 3819 Teneriffae
694 3775 725 3821 et
747 3759 882 3820 Siciliae.

250 3847 285 3922 3)
314 3844 518 3932 Quotientes,
549 3863 629 3931 quos
658 3847 811 3930 cujusque
846 3843 947 3905 ssorae
976 3843 1160 3907 Gentianeis
1191 3853 1223 3900 et

164 3932 310 3992 omnibus
327 3930 428 3992 lionae
446 3934 613 4013 speciebus
628 3935 817 4017 comparatis
836 3932 971 4002 obtines,
994 3931 1026 3990 in
1048 3944 1109 3989 tam
1124 3947 1223 4011 parto

165 4016 278 4078 ordine
308 4038 368 4078 nec
396 4019 633 4100 aequalessnec
661 4021 755 4080 ullius
783 4020 935 4081 momenti
962 4038 1034 4078 esse
1058 4017 1222 4078 videntur:

164 4123 237 4162 nam
266 4126 328 4187 quo
356 4105 458 4187 major
478 4104 632 4179 familiae,
661 4127 700 4166 eo
721 4106 916 4170 constantior
943 4106 977 4165 in
998 4123 1121 4189 quaque
1142 4098 1223 4163 {lora
1298 4155 1301 4162 .

165 4187 234 4272 ejus
256 4193 411 4274 quotiens.
464 4192 609 4273 Summus
640 4195 883 4258 Gentianearum
912 4192 1059 4277 quotiens
1086 4191 1119 4251 in
1142 4185 1223 4252 flora
