2664 4746
462 304 574 370 Putria
599 304 850 371 Gentianearum.
904 343 908 351 ·
1144 306 1188 375 27

128 485 192 548 rat,
230 467 327 543 unde,
362 483 415 533 a'ut
449 489 525 552 quas
561 468 816 530 formationes
850 465 1190 552 physiognomicas

128 559 267 622 forment
290 550 341 619 aiut
365 556 479 647 quibus
501 555 661 637 adscripta
682 555 762 629 sint,
792 555 991 639 intelligitur:
1014 557 1119 638 itaque
1143 552 1191 613 di.

130 644 352 707 strilrutionem
382 643 515 706 'exhibet
551 643 727 726 plantarum
763 641 1045 727 physiognomica
1093 642 1193 704 Statio

130 731 381 795 conditiones
403 730 565 802 locales,
590 749 628 789 ex
651 729 766 812 quibus
780 728 917 791 familiae
940 730 1098 813 vegetatio
1118 749 1194 811 pen-

132 820 202 891 det,
226 830 463 903 perscrutatur,
487 811 571 877 unde
594 816 700 877 lusus
724 815 901 899 specierum
925 816 1142 900 intelliguntur
1163 827 1195 875 et

132 907 358 969 formationum
378 902 525 987 'cognitio
548 901 722 986 adjuvatur.
772 904 975 964 Extensionis
1006 904 1103 986 igilur
1131 916 1196 963 stu·
1223 942 1230 958 ·

134 994 220 1054 dium
254 988 404 1074 procedit
436 990 670 1063 mathematice,
710 990 943 1052 distributionis
972 990 1196 1074 geographico,

134 1076 277 1143 stationis
301 1075 531 1162 physiologice.
583 1079 691 1162 ltaque
720 1094 753 1140 ut
775 1078 989 1140 conditionum
1015 1076 1197 1160 vegetabilis

135 1169 218 1231 vitae
241 1166 383 1228 valorem
413 1183 649 1246 comparemus,
681 1164 804 1225 lusuum
837 1179 1012 1248 proventus
1043 1178 1075 1224 et
1105 1164 1197 1224 statio

133 1277 171 1317 ex
197 1254 258 1317 soli
290 1268 398 1317 natura
432 1251 577 1335 inprimis
607 1249 764 1335 pendent,
806 1251 1040 1314 individuorum
1072 1251 1133 1312 vita
1168 1263 1200 1311 et

134 1339 395 1424 physiognomice
419 1360 458 1399 ex
482 1339 596 1400 mutuis
619 1339 761 1420 organici
784 1340 891 1401 mundi
916 1339 1104 1410 rationibus,
1129 1357 1199 1419 spe-

137 1429 257 1490 cierum
274 1425 418 1488 extensio
443 1447 500 1487 seu
515 1426 668 1488 statistiee
692 1447 730 1488 ex
752 1427 868 1487 caloris
892 1426 1115 1487 distributione
1129 1445 1199 1484 oum

136 1516 256 1599 speciei
282 1515 343 1576 vita
367 1512 488 1575 collata.
543 1513 665 1607 Quibus
696 1514 871 1574 rationibus
900 1513 1025 1573 l'lorae
1053 1525 1201 1573 natura-

136 1606 193 1664 les
213 1601 304 1662 etiarn
330 1600 576 1662 constituuntur:
613 1600 729 1661 etenim
759 1613 794 1659 ut
822 1599 979 1659 distinctis
1008 1598 1203 1659 formationi·
1284 1600 1285 1605 ’

136 1691 213 1762 bus,
245 1688 359 1774 quibus
384 1701 626 1767 componuntur,
649 1685 939 1769 physiognomieis,
967 1686 1009 1745 ita
1032 1686 1201 1745 constanti-

104 1770 106 1776 ’
138 1778 197 1837 bus
220 1774 409 1836 familiarum
443 1774 551 1831 saltem
580 1774 829 1851 praevalentium
852 1772 1067 1855 quotientibus
1090 1773 1203 1833 certis.

139 1864 218 1922 sime
249 1859 459 1926 definiuntur,
493 1858 536 1918 ita
567 1871 601 1918 ut
636 1873 739 1918 terrae
773 1858 1013 1940 physiognomia
1042 1860 1202 1941 principa.

139 1950 217 2009 lium
240 1945 429 2006 familiarum
453 1943 549 2003 seriei
572 1965 698 2027 semper
721 1944 912 2026 respondeat
934 1966 969 2006 ae
993 1961 1202 2009 scrutatorem

142 2034 257 2114 duplex
281 2031 342 2104 via,
366 2030 515 2092 llorarum
533 2029 649 2092 limites
665 2032 861 2116 exquirendi,
886 2032 924 2094 ad
949 2034 1082 2097 eundem
1106 2032 1202 2097 linem

142 2119 304 2206 perducat.

359 2253 384 2319 Ι.
430 2252 632 2315 Extensio
656 2253 985 2322 Gentianearum.

228 2379 272 2442 Cl.
293 2379 548 2462 'Boussaingault
576 2380 777 2461 nuperrime,
808 2381 924 2442 caloris
959 2381 991 2440 in
1026 2384 1203 2463 specierum

144 2467 362 2530 extensionem
392 2467 455 2527 vim
486 2479 550 2526 tum
581 2466 796 2528 tantummodo
831 2468 893 2527 rite
930 2468 1065 2548 intelligi
1098 2490 1202 2549 posse,

143 2576 238 2641 quum
268 2552 513 2636 uniuscujusque
541 2553 660 2634 speciei
690 2573 760 2613 eum
791 2553 872 2614 vitae
901 2553 1066 2615 duratione
1097 2569 1129 2617 et
1160 2557 1205 2616 vi-

144 2662 222 2725 gore
253 2655 304 2702 aut
327 2641 478 2703 continuo
502 2655 554 2702 aut
583 2641 764 2722 interrupto
793 2655 1042 2723 compararetur,
1076 2640 1205 2704 demon.

146 2729 273 2799 stravit,
303 2728 391 2810 cujus
420 2726 563 2789 theoriae
593 2726 852 2809 compendiosum
876 2729 976 2790 solum
1000 2744 1206 2810 conspectum

147 2821 189 2876 ex'
217 2815 295 2876 actis
325 2814 448 2900 diurnis
480 2814 602 2896 gallicis
632 2814 717 2876 nori.
774 2816 877 2910 Quum
910 2835 988 2878 vero
1020 2815 1058 2877 ad
1089 2818 1205 2878 limites

146 2902 313 2974 ilorarum,
345 2901 378 2961 in
401 2901 514 2984 quibus
538 2903 731 2962 Gentianeae
753 2901 878 2984 vigent,
903 2905 1078 2967 accuratius
1101 2903 1207 2964 deter-

147 2987 310 3050 minandos
333 2988 451 3048 valoris
473 2988 603 3049 calorici
633 3003 791 3058 naturam,
823 2989 893 3050 sere
921 2989 1034 3051 iisdem
1059 2991 1089 3050 ni
1111 2991 1206 3052 fallor

147 3099 186 3137 ex
209 3073 384 3136 rationibus
403 3093 544 3146 exorsus,
569 3075 704 3136 examini
721 3071 936 3158 subjecissem,
960 3077 1223 3157 paucas'obser-·

148 3163 292 3224 vationes
313 3161 517 3241 praemittere
540 3161 651 3234 liccat,
674 3161 858 3246 priusquam
882 3164 1124 3227 Gentianearum
1147 3186 1207 3248 per

147 3249 243 3313 lloras
265 3247 422 3310 naturales
445 3245 587 3310 extensio
610 3263 794 3328 exponatur.

233 3337 375 3396 Primum
399 3335 545 3416 exemplo
569 3334 703 3420 quodam
726 3335 966 3412 demonstrabo,
1000 3340 1053 3402 vel
1083 3340 1116 3399 in
1145 3360 1210 3401 me-

149 3422 280 3507 moriam
301 3421 440 3484 lectoris-
455 3422 623 3494 rerocabo,
647 3436 804 3484 terrarum
820 3425 905 3486 serie
920 3424 1208 3510 phytophysiogno-

153 3511 234 3571 mico
257 3509 440 3570 charactere
460 3511 637 3572 consociata
652 3509 899 3593 praevalentium
921 3515 1108 3576 familiarum
1132 3536 1208 3598 quo-

151 3600 267 3659 tientes
289 3595 368 3658 mire
390 3616 579 3679 congruere,
602 3618 692 3682 quam
709 3597 750 3660 ob
769 3618 837 3658 rem
855 3601 1045 3682 quarundam
1061 3604 1208 3682 Europae

152 3682 275 3745 mediae
297 3681 447 3771 ssorarum
470 3683 616 3745 localium
646 3699 850 3769 conspectum
882 3688 982 3769 coegi.
1034 3688 1099 3748 Illis
1131 3708 1208 3749 vero

153 3769 288 3832 eundern
310 3768 380 3829 fere
403 3789 474 3831 esse
496 3770 635 3833 habitum
658 3772 960 3856 physiognomicum,
984 3775 1109 3836 easdem
1123 3777 1210 3856 plan.

153 3871 254 3919 tarum
281 3856 487 3919 formationes
516 3857 766 3942 societatesque,
798 3858 924 3920 easdem
953 3861 1070 3942 sylvas,
1100 3861 1208 3926 eadem
1255 3885 1258 3892 ·

152 3958 252 4027 prata,
274 3942 404 4006 eandem
427 3945 589 4022 culturam,
611 3966 675 4007 non
697 3946 829 4028 amplius
852 3950 1001 4021 numeris,
1025 3969 1133 4010 verum
1156 3970 1208 4012 cu-

153 4033 267 4116 jusque
290 4032 554 4113 contemplatione
577 4032 808 4114 comprobatur.
865 4038 900 4096 ln
929 4033 979 4096 his
1009 4048 1125 4098 tantum
1156 4057 1208 4098 eas

154 4119 288 4182 familias
303 4137 530 4191 enumeramus,
553 4119 665 4206 quibus
690 4122 869 4205 specierum
892 4143 1039 4184 numerus
1063 4141 1131 4190 cum
1146 4146 1210 4188 orn·

154 4204 246 4285 nibus
257 4203 498 4304 phanerogsmis
513 4221 710 4297 comparatus
721 4209 791 4306 plus
809 4230 905 4300 quam
918 4210 1207 4310 quinquegesituetn
