2664 4746
135 252 157 314 8
496 237 710 308 duramus.
742 236 823 305 tusa.

24 476 27 485 ¹
136 400 316 465 columnare
341 399 375 461 in
400 397 529 463 cellulas
552 399 727 482 parictibus
744 395 903 462 ilexuosis
920 396 1200 480 insignes-transit

135 509 251 572 easque
265 489 298 549 in
314 501 444 572 utraque
459 485 530 549 folii
545 487 659 570 pagina
673 500 840 549 stornatum
853 485 1042 550 ditissimum
1068 497 1200 551 stomsts

134 589 238 639 autem
266 574 528 639 sensim-lentis
559 574 668 657 vagina
696 573 735 636 ad
760 573 904 638 laminam
929 571 1118 657 procedenti
1142 571 1200 635 ob·
1269 572 1274 581 ⁴

134 664 286 742 veniunt,
321 658 364 727 it'a
393 676 427 725 ut
460 663 493 724 in
524 661 765 745 pareuebyrnate
792 661 967 725 columnari
996 680 1107 744 sparse
1136 660 1200 744 jam

134 765 311 815 cernantur.
397 825 401 831 ι

219 837 247 918 §.
270 844 300 904 7.
346 840 381 900 ln
398 835 540 900 nascenti
556 834 634 899 lolio
651 836 696 897 nil
712 834 796 920 quod
813 833 889 898 nodi
903 833 1044 898 indolem
1060 833 1200 896 illustra.

127 917 184 988 'ret
198 926 384 998 observavi,
404 924 467 986 nisi
479 923 564 1008 quod
580 923 688 1005 vagina
702 924 775 998 istu,
797 946 856 1009 qua
870 921 940 985 lolii
955 921 1068 984 l‘amina
1080 944 1098 982 a
1112 920 1199 983 nodo
1238 959 1242 969 ·

135 1036 191 1077 suo
215 1029 415 1086 removetur,
445 1011 563 1094 juniori
587 1010 666 1073 folio
689 1012 789 1074 deest.
835 1014 943 1095 ltaque
964 1010 1058 1073 etiam
1083 1008 1142 1071 bae
1165 1008 1198 1071 in

132 1122 169 1164 re
200 1101 309 1183 ragina
337 1101 457 1185 petiole
482 1098 594 1160 similis
619 1113 686 1161 est:
722 1120 792 1159 nam
821 1097 896 1183 quid
924 1111 972 1158 est
998 1096 1111 1180 vagina
1135 1095 1199 1158 nisi

132 1189 287 1273 petimus,
312 1187 400 1270 cujus
419 1189 510 1249 nervi
528 1187 561 1247 in
580 1186 693 1249 eodem
710 1187 804 1269 plano
822 1183 1089 1268 juxtaponuntur‘l
1104 1222 1147 1235 -

148 1308 156 1318 «
218 1279 355 1359 Propter
377 1274 471 1338 talem
496 1271 647 1336 librarum
670 1273 837 1335 decursum
861 1273 999 1335 familiae
1021 1270 1200 1336 characteri

131 1363 248 1425 nodum
273 1365 429 1445 integrum
456 1361 678 1425 decurrentem
702 1359 879 1442 adscripsi:
912 1380 982 1422 nam
1007 1353 1098 1421 aliam
1122 1359 1199 1420 nodi

131 1451 352 1515 formationem
372 1449 405 1511 in
423 1446 608 1514 Gentianeis
625 1446 709 1511 haud
728 1444 803 1510 noli
820 1468 879 1510 nec
897 1447 930 1509 in
951 1446 1060 1509 uadem
1078 1445 1197 1507 familia

131 1537 265 1600 naturali
288 1537 390 1599 nodos
412 1551 444 1599 et
465 1538 607 1617 integros
628 1549 660 1597 et
678 1535 827 1616 partiales
849 1534 1026 1598 observavi.
1072 1533 1197 1596 Gentia-

130 1647 261 1687 nearum
285 1647 362 1688 vero
392 1623 468 1687 nodi
494 1622 615 1686 fabrica
639 1622 788 1685 familiam
809 1635 955 1684 removet
976 1645 994 1684 a
1016 1621 1196 1696 Rubisceis,

131 1713 337 1796 Spigeliaueis
357 1713 506 1796 aliisque,
530 1709 649 1797 quade
668 1731 705 1773 re
724 1709 806 1772 inira
826 1710 960 1791 amplius
980 1708 1166 1771 disseretur.

379 1858 427 1979 ll.
480 1910 542 1980 De
569 1907 944 2003 inflorescentis.

216 2062 279 2155 Qui
303 2059 560 2124 inflorescentiae
584 2060 745 2142 cujusdam
772 2061 910 2124 familiae
937 2059 1195 2142 interpretandae

130 2170 257 2232 operam
282 2148 363 2221 dat,
382 2149 429 2208 illi
453 2147 689 2211 ramilicationis
716 2147 856 2210 indolem
882 2147 964 2210 baud
992 2149 1069 2209 licet
1095 2149 1196 2232 negli-

129 2256 222 2322 gere:
255 2257 334 2320 quae
359 2256 442 2296 nunu
466 2233 732 2321 illamlillustrat,
763 2255 845 2299 nunc
867 2235 905 2296 ab
930 2235 983 2294 illa
1008 2235 1195 2312 illustratur,

129 2325 274 2410 quoniam
289 2322 431 2409 'utraque
455 2323 580 2385 easdem
603 2343 716 2385 revera
738 2322 826 2407 leges
850 2322 1004 2406 sequitur.
1049 2327 1084 2385 ln
1109 2325 1195 2386 Gen-

128 2413 242 2475 tianeis
268 2409 507 2483 tumificationis
528 2423 664 2495 quatuor
686 2411 832 2493 inprimis
856 2426 945 2494 typos
968 2409 1192 2473 observamus:

129 2516 193 2562 aut
215 2501 321 2562 caules
341 2513 489 2561 crescunt
507 2500 699 2580 caespitose,
725 2499 848 2561 scilicet
867 2497 965 2560 caulis
983 2499 1022 2559 ab
1042 2499 1111 2581 ipss
1130 2499 1195 2562 ori-

129 2589 202 2670 gine
214 2588 248 2647 in
263 2587 371 2671 plures
385 2608 489 2650 ramos
504 2586 650 2671 aequales
668 2585 817 2658 solvitur,
838 2585 924 2671 quod
940 2585 972 2647 in
988 2583 1196 2649 inflorescen-

127 2675 201 2738 tiam
222 2674 303 2735 baud
325 2671 445 2744 inlluit,
468 2688 532 2735 aut
550 2673 654 2753 caulis
669 2694 763 2754 supra
782 2672 918 2754 primum
938 2672 957 2732 l.
978 2674 1079 2755 prima
1095 2675 1195 2736 inter-

127 2761 223 2825 nodia
254 2781 376 2844 gemma
405 2758 509 2822 florali
536 2760 724 2821 terminatur
746 2780 968 2844 ramorumque
991 2759 1193 2836 dichotomia,

130 2849 241 2910 eodem
266 2848 360 2909 modo
381 2845 545 2909 indefinite
565 2845 776 2919 terminanda,
790 2848 973 2909 lateraliter
989 2854 1194 2934 propagatur,

129 2936 220 2999 ut'in
238 2935 481 3018 Erythraeaceis
505 2934 574 2995 sere
598 2933 759 3007 omnibus,
783 2936 815 2996 in
839 2936 954 3020 quibus
977 2935 1082 3021 itaque
1100 2939 1195 3000 rami·

45 3074 48 3080 .
128 3020 235 3086 ficatio
257 3037 290 3085 et
312 3020 549 3085 indurescentia
572 3019 701 3081 eaedem
724 3036 813 3096 sunt,
844 3037 911 3086 sut
933 3016 1038 3087 caules
1061 3039 1095 3086 et
1115 3029 1196 3091 rami

128 3111 149 3172 l.
166 3110 280 3171 alterni
295 3111 315 3171 l.
331 3109 470 3193 oppositi
486 3107 585 3190 magis
600 3106 631 3169 in
648 3109 838 3193 aequilibrio
855 3125 952 3184 stant,
975 3126 1010 3174 ut
1024 3113 1067 3174 ita
1081 3113 1193 3187 dicam,

129 3209 194 3259 sut
211 3197 310 3259 caulis
324 3197 470 3282 inprimis
487 3196 581 3278 viget,
598 3195 694 3257 ramis
710 3210 763 3261 aut
777 3198 970 3263 abbreviatis
984 3202 1157 3267 sutnullis.

216 3285 305 3376 Quae
328 3285 355 3345 si
376 3305 446 3346 cum
464 3280 723 3345 infloresoentiae
746 3283 855 3347 indole
874 3304 1104 3369 comparamus,
1127 3284 1192 3366 pri-

126 3395 212 3438 mum
232 3373 437 3434 observamus
458 3371 778 3454 observationemque
801 3370 1036 3443 contendimus,
1059 3371 1191 3446 caulem,

126 3459 268 3545 exceptis
286 3458 435 3542 Hippisis
452 3472 486 3520 et
502 3458 662 3520 nonnullis
677 3456 927 3539 Menyanthideis
937 3499 946 3530 ,
970 3475 1092 3540 gemma
1111 3480 1193 3523 sem.

125 3570 186 3637 per
218 3544 323 3612 florali
356 3545 542 3619 terminari,
575 3545 680 3628 itaque
714 3541 969 3608 inssorescentiae
1001 3565 1125 3628 genera
1152 3546 1193 3610 ud

125 3659 230 3723 cymas
268 3655 325 3699 seu
362 3631 616 3697 inssorescentias
652 3630 849 3714 centrifugas
884 3629 1073 3697 referendus
1091 3652 1192 3700 'esse

125 3714 266 3818 Quardm
299 3721 422 3786 formae
455 3718 535 3782 duae
563 3718 735 3802 primariae
765 3739 805 3783 ex
834 3739 1002 3785 rumorum.
1024 3723 1108 3806 typis
1137 3723 1193 3787 ob·

124 3813 272 3878 veniunt:

212 3898 246 3978 1)
261 3894 577 3961 lullus-essentis
593 3892 827 3958 dichotoms.
863 3892 994 3957 Florum
1012 3916 1191 3961 rameorum

123 3984 275 4050 formatio
301 3979 474 4067 praecipue
501 3983 604 4067 viget:
635 3983 755 4053 caulam
786 3977 1004 4053 abbreviatum
1033 3999 1087 4049 aut
1108 3986 1192 4051 inira

125 4093 280 4143 summum
306 4069 521 4133 internodium
547 4070 722 4154 simplicem
744 4087 932 4155 gemmaque
954 4068 1059 4141 llorsli
1080 4076 1191 4137 termi.

121 4172 232 4229 ustum
245 4171 396 4245 sapsam
409 4157 491 4223 rami
506 4158 658 4242 oppositi,
668 4151 832 4229 sutton
847 4156 973 4225 caulim
984 4162 1063 4238 ¹orti,
1084 4182 1190 4233 ramos
