2664 4746
146 288 185 337 vl
504 257 846 349 Praefatio.

93 389 97 403 ⁵
146 403 322 479 ciminum
343 406 384 478 in
398 407 568 481 America
586 409 730 486 boreali
746 410 926 485 lectorum
936 413 1089 513 copiam
1104 412 1205 489 dono

147 508 263 583 dedit.
285 513 431 586 Deinde
445 531 482 587 et
495 514 724 605 c1.L1·ndley
735 520 893 590 rariores
907 521 1052 619 species
1066 545 1206 593 mecum

147 619 432 692 communicavit
446 637 483 692 et
497 620 543 692 cl.
560 619 866 689 Wetllrer-Amott
879 626 1025 699 Indicas
1041 651 1125 698 suas
1141 627 1208 700 ob-

144 721 243 793 tulit.
298 725 438 798 Eodem
466 743 631 826 tempore
659 728 706 799 cl.
722 728 972 796 Rezbdenbacb
998 731 1208 803 herbarium

145 852 248 900 suum
274 831 367 900 mihi
393 832 558 929 aperuit3
596 833 642 904 cl.
670 832 818 900 Ecldon
846 837 1111 908 collectionem
1139 837 1207 911 Ca.

143 958 296 1033 pensem
322 937 494 1035 praebuit
502 965 514 1029 3
542 964 633 1036 quas
657 939 696 1008 in
720 939 884 1015 Caucaso
908 943 1133 1014 Gentianeas
1157 943 1206 1015 cl.

143 1037 187 1105 de
218 1039 493 1132 Montpe'reux,
529 1043 569 1113 in
599 1045 768 1145 Carpatis
795 1046 896 1119 Com.
923 1047 966 1113 de
988 1046 1207 1136 Katserling

143 1145 316 1244 sociique
335 1147 511 1245 legerant,
533 1149 624 1220 mihi
646 1151 837 1223 dederunt.
881 1153 1053 1250 Denique
1070 1154 1207 1251 gratias

112 1264 115 1269 '
142 1274 212 1348 ago
238 1252 367 1323 iterum
389 1252 571 1326 avunculo
595 1257 806 1347 carissimo,
838 1256 880 1327 G.
911 1256 963 1328 W.
986 1259 1028 1326 F.
1052 1257 1206 1350 Meyer,

93 1365 98 1387 '
142 1356 228 1455 qui,
263 1375 304 1428 ut
327 1358 372 1429 ad
401 1359 524 1430 studia
549 1358 725 1434 botanica
751 1363 908 1435 colenda
932 1363 1205 1436 adolescentem
1254 1432 1259 1439 .

141 1462 335 1555 excitavit,
359 1465 429 1555 ita,
453 1466 628 1564 quoniam
650 1467 688 1538 in
707 1493 852 1540 arenam
868 1469 1098 1568 procedendi
1115 1487 1205 1542 tem·

139 1592 209 1669 pus
227 1586 321 1660 erat,
349 1570 599 1670 qualicunque
617 1574 729 1646 modo
749 1602 805 1646 me
823 1575 969 1647 solebat
986 1592 1204 1648 sustentare.

246 1672 324 1747 suh
341 1692 399 1748 tot
414 1692 674 1778 tantorumque
689 1680 850 1751 virorum
868 1682 1048 1781 auspiciis
1064 1681 1097 1752 si
1114 1680 1206 1780 qnid

141 1795 199 1851 est
216 1777 257 1849 in
273 1781 347 1853 hoc
363 1781 462 1856 libro
479 1785 567 1857 novi
583 1786 643 1857 vel
659 1811 701 1856 ex
715 1786 889 1886 ampliori
904 1785 1101 1860 formarum
1117 1812 1204 1885 cog·

139 1883 287 1957 uitione
311 1885 453 1978 hausti,
482 1907 656 1962 nontam
679 1917 798 1964 meum
824 1909 880 1965 est
904 1920 1013 1993 quam
1039 1893 1203 1966 illorum:

140 1988 206 2063 sod
228 1989 334 2063 valde
356 1991 488 2083 doleo,
516 1995 638 2093 quod,
667 2022 779 2091 quum
803 1998 977 2073 absoluto
1002 2000 1129 2073 studio
1147 2024 1205 2071 re·

140 2094 338 2196 missisque
355 2100 623 2198 speciminibus
639 2098 724 2198 plus
740 2125 848 2196 quam
864 2104 951 2172 anni
966 2120 1110 2201 tempus
1123 2131 1205 2203 per-

140 2218 261 2273 actum
275 2220 349 2292 est,
377 2231 472 2276 unus
488 2206 545 2275 vel
562 2204 656 2275 alter
670 2230 795 2276 eorum
812 2202 939 2275 forsan
952 2208 1205 2303 negligentiae
1274 2285 1276 2289 ,

138 2331 198 2379 mo
221 2310 418 2382 accusavit.
474 2311 554 2409 Qua
579 2312 625 2382 de
649 2335 759 2382 causa
782 2308 906 2380 dicere
929 2308 985 2380 fas
1010 2325 1067 2381 est
1092 2326 1203 2408 atque

138 2410 304 2487 levamen
314 2468 325 2506 ,
352 2441 410 2488 me
431 2414 596 2489 calendis
612 2415 807 2516 Aprilibus
823 2440 854 2487 a.
871 2415 1204 2487 MDCCCXXXVII

138 2519 276 2621 scripta
292 2546 371 2594 mea
388 2523 587 2622 Augustam
605 2521 717 2595 Vind.
735 2521 882 2593 misisse
899 2546 969 2594 nec
987 2521 1033 2594 ab
1052 2546 1097 2594 eo
1112 2537 1204 2592 tem·

23 2670 27 2679 ·
137 2650 230 2727 pore
244 2627 319 2699 nisi
335 2654 432 2700 nunc
446 2629 547 2729 typis
561 2630 631 2724 jam
647 2627 830 2726 expressis
846 2627 1061 2727 opusculum
1081 2627 1203 2700 denuo

139 2756 266 2804 curare
281 2734 467 2834 potuisse:
495 2732 594 2805 unde
611 2759 734 2830 neque
749 2733 1010 2806 nonnullorum
1023 2732 1203 2807 librorum

138 2861 171 2911 o.
194 2864 227 2910 c.
252 2839 299 2911 cl.
321 2840 443 2938 lloyle
467 2839 640 2929 iconum,
678 2837 725 2909 cl.
749 2839 848 2909 Heer
869 2838 907 2911 et'
928 2841 1055 2936 Unger
1077 2838 1203 2912 obser·

137 2944 326 3017 vationum
355 2943 805 3046 phytogeogrephicarum
833 2970 919 3016 usus
949 2945 1042 3016 mihi
1070 2946 1203 3045 patuit,

137 3074 260 3148 neque
277 3051 468 3150 inquibus
484 3049 607 3122 studia
621 3074 702 3121 mea
718 3051 972 3149 processerint
985 3068 1126 3123 mutare
1141 3068 1204 3124 aut

137 3155 272 3229 oddere
285 3156 406 3230 licuit.
431 3157 509 3229 Jam
523 3181 609 3228 vero
625 3181 717 3254 quas
732 3173 808 3227 tum
821 3155 986 3229 familiae
999 3157 1202 3230 characteri

138 3260 341 3362 adjeceram
355 3261 635 3335 observationes
646 3261 943 3365 organologicas,
958 3289 1068 3360 quum
1079 3284 1201 3356 neque

139 3392 221 3443 cum
242 3368 332 3443 libri
353 3368 517 3441 consilio
538 3369 630 3440 satis
648 3385 921 3440 consentaneae
939 3382 1062 3437 essent
1079 3389 1201 3463 neque

138 3500 267 3551 omnes
294 3474 386 3571 mibi
410 3499 509 3546 nunc
533 3472 809 3562 satisfacerent,
842 3472 994 3571 primam
1016 3469 1201 3570 plagulam
1307 3512 1310 3517 ,

138 3582 318 3680 integram
336 3580 549 3653 rescindere
568 3577 697 3650 maluit
726 3603 835 3676 quam
854 3593 896 3649 ut
914 3577 1202 3674 redintegrarem

137 3686 341 3787 fragmenta
359 3686 405 3759 ad
420 3684 584 3758 familiae
599 3683 817 3782 morphosin
836 3684 1044 3783 spectantia
1061 3682 1202 3754 addidi.

139 3794 221 3894 Qua
235 3793 498 3867 demutatione
514 3807 710 3890 propterea
727 3789 952 3863 mentionem
969 3790 1082 3879 secio,
1100 3786 1202 3886 quod

138 3899 180 3971 in
197 3901 407 3973 charactere
423 3897 606 3987 familiae,
633 3920 742 3994 quom
761 3895 879 3968 solum
894 3893 1017 3987 denuo
1034 3893 1201 3990 redigere

137 4006 259 4107 potui,
280 4002 458 4079 nonnulla
476 4001 680 4091 emendavi,
701 4026 795 4102 quae
811 4001 851 4071 in
866 4018 971 4101 perte
986 3999 1202 4101 specialiori

140 4110 335 4186 emendare
363 4137 440 4185 non
469 4107 589 4209 potui.
650 4109 705 4179 Ita
739 4132 769 4179 e.
794 4132 826 4178 c.
859 4108 1052 4182 ovulomm
1081 4106 1200 4204 origo,

139 4217 334 4323 placentes
352 4244 436 4301 enm
454 4213 683 4317 endocarpio
700 4238 778 4291 nou
796 4231 994 4311 cometes,
1021 4238 1144 4292 verum
1159 4236 1203 4289 ex
