2664 4746
540 277 738 346 Gentianam.
770 278 852 347 Juss.

290 468 529 543 Rationes
550 470 772 544 sammaa
794 468 1100 543 dlrldenslae.

250 614 383 697 Tribum
403 615 714 699 Menyantbidearnm
737 615 853 679 leviori
875 615 937 698 jam
960 614 1095 676 examini
1117 627 1229 675 natura

164 699 375 777 administrat,
408 705 555 787 quoniam
580 703 614 764 in
637 703 754 767 ceteris
778 703 963 766 Gentianeis
986 703 1080 764 statio
1104 721 1229 762 emersa

163 788 301 875 ideoque
321 790 449 852 seminis
467 792 581 853 maturi
600 791 772 875 epidermis
788 791 911 876 lignosa
926 811 988 852 non
1005 789 1226 864 observantur,

78 898 85 908 ·
163 877 278 961 quibus
297 877 419 940 accedit
437 879 651 941 aestivationis
669 879 803 940 indoles.
848 879 938 939 Aliae
957 876 1094 939 familiae
1113 878 1229 938 sectio·

162 985 220 1026 nes
241 979 273 1027 et
292 965 398 1027 habitu
417 980 449 1028 et
466 965 641 1029 rationibus
660 965 884 1050 geographicis
904 964 1114 1028 consideratis
1134 964 1229 1026 etiam

163 1073 238 1114 mox
259 1052 292 1114 in
314 1054 425 1115 oculos
448 1052 573 1126 cadunt,
597 1073 783 1141 quamquam
805 1051 969 1116 difficilius
992 1051 1230 1138 characteribus

162 1140 472 1203 circumscribuntur.
518 1142 670 1223 Capsulae
694 1155 893 1218 structuram,
916 1141 1042 1201 unicum
1065 1139 1230 1224 hucusque

162 1227 202 1290 ad
223 1226 315 1290 hunc·
329 1226 424 1288 linem
446 1230 645 1311 propositum
670 1242 796 1312 typum,
827 1228 984 1289 simillima
1007 1248 1124 1312 genera
1148 1247 1175 1288 e.
1200 1244 1229 1288 c.

161 1314 344 1378 Exadenum
363 1328 396 1376 et
411 1313 589 1398 Opheliam,
609 1316 846 1379 Schuebleriam
864 1330 896 1377 et
909 1316 1115 1398 Erythraeam
1129 1313 1230 1376 divel-

161 1404 246 1478 lere,
270 1402 460 1464 alienissima
479 1423 507 1464 e.
525 1423 552 1465 c.
573 1407 746 1486 Prepusem
768 1416 800 1464 et
819 1401 1000 1466 Cicendiam
1019 1400 1227 1471 confundere,

162 1491 255 1554 etiam
272 1491 510 1552 enumeratione
525 1511 677 1575 generum
693 1488 849 1553 artificiali
863 1492 895 1550 in
912 1489 1138 1552 dissertatione
1153 1509 1229 1570 pro·
1274 1502 1279 1515 ⁸

136 1578 264 1662 posita
295 1577 457 1661 probatur.
510 1581 619 1664 ltaque
649 1579 837 1641 consociatis
867 1578 1039 1662 generibus
1068 1573 1228 1648 affinibus,

163 1686 257 1752 quum
282 1664 337 1727 diu
363 1664 482 1728 frustra
504 1666 703 1747 characteres
726 1665 897 1750 unicuique
920 1664 1018 1725 tribui
1042 1664 1229 1726 essentiales

162 1753 406 1836 quaesivissem,
429 1753 565 1835 primum
588 1768 742 1817 structura
765 1753 967 1815 antherarum
990 1753 1022 1812 in
1046 1749 1227 1813 Chironieis

163 1852 210 1901 sat
228 1861 324 1924 grave
345 1840 516 1901 discrimen
535 1842 692 1924 praebere
711 1840 892 1917 videbatur,
916 1841 1106 1903 connectivo
1126 1840 1159 1899 in
1179 1857 1226 1899 ce-

163 1925 243 1989 teris
266 1927 411 1990 omnibus
434 1928 609 2002 eminente,
639 1929 672 1990 in
695 1928 745 1989 his
766 1929 951 2000 obliterato,
981 1927 1111 1989 anthera
1134 1926 1228 1987 etiam

163 2013 262 2076 multo
281 2012 398 2075 diutius
416 2027 448 2076 et
463 2014 563 2097 magis
582 2015 754 2096 conspicue
769 2016 810 2078 ob
826 2016 932 2078 valvas
945 2015 1122 2077 loculorum
1139 2014 1229 2076 invo-

163 2101 244 2162 lutas
279 2100 544 2186 quadriloculari:
581 2100 697 2163 deinde
731 2120 771 2161 ex
802 2098 1038 2164 inflorescentia
1072 2102 1229 2184 Hippieas

164 2187 414 2272 Erythraeaceas
442 2187 646 2252 aSwertieis
673 2186 772 2249 didici
797 2187 991 2271 discernere.
1036 2189 1173 2251 Posthac
1195 2187 1230 2249 in

125 2284 134 2302 ⁶
162 2276 287 2360 Hippio
307 2289 340 2338 et
354 2275 537 2339 Contouhea
557 2276 676 2337 semina
695 2297 711 2336 e
730 2276 871 2359 placenta
892 2276 1051 2338 communi
1072 2295 1131 2358 per
1148 2275 1232 2336 funi.

165 2365 254 2427 culos
271 2362 387 2425 breves
403 2360 570 2427 fililormes
589 2362 656 2427 ridi
673 2361 839 2426 distincta:
863 2364 918 2449 qui
933 2362 1098 2425 character
1112 2379 1226 2436 tamen,

165 2472 259 2539 quum
282 2452 322 2513 cl.
345 2452 386 2513 de
402 2451 535 2514 Martius
556 2450 590 2512 in
608 2451 785 2514 Schultesia
807 2452 939 2537 quadam
960 2450 1096 2513 similem
1116 2471 1155 2512 se
1174 2450 1229 2512 ob·

166 2558 310 2602 servasse
328 2539 458 2622 scripsit
476 2536 678 2624 apparatum,
696 2538 832 2601 fortasse
849 2539 982 2601 minoris
1000 2539 1152 2601 momenti
1170 2553 1227 2602 est.

163 2626 311 2711 Denique
334 2626 445 2709 stylum
468 2641 521 2688 aut
542 2627 767 2709 persistentem
790 2640 822 2688 et
844 2640 908 2688 tum
931 2646 1028 2711 saepe
1049 2625 1226 2687 subnnllum

164 2725 216 2778 aut
233 2712 272 2775 ah
291 2714 401 2776 orario
418 2713 601 2775 distinctum
621 2726 653 2775 et
668 2710 835 2776 deciduum
851 2713 889 2775 sd
904 2714 1005 2777 tribus
1018 2711 1229 2776 artificialiter

164 2799 358 2864 cohibendas
380 2799 463 2862 bene
486 2799 628 2862 adhiberi
651 2820 763 2882 posse,
791 2801 867 2863 mihi
888 2818 1073 2884 persuasum
1096 2814 1145 2863 est
1168 2804 1228 2863 nec

163 2888 199 2951 in
216 2887 266 2948 bis
281 2885 401 2950 formas
422 2888 619 2952 transitorias
635 2888 817 2951 observavi:
841 2908 952 2951 verum
967 2888 1228 2972 Lisyanthearum

164 2974 313 3062 quaedam
330 2996 462 3059 genera,
482 2975 561 3038 mihi
578 2975 718 3039 nondum
736 2977 810 3038 satis
826 2991 915 3050 nota,
935 2977 1045 3040 forsan
1060 2976 1228 3063 aliquando

164 3063 258 3126 alium
275 3062 379 3126 locum
398 3062 594 3127 obtinebunt.
640 3063 801 3126 Tribubus
817 3065 873 3126 tali
889 3065 985 3128 modo
1001 3064 1156 3148 adoptatis
1173 3065 1229 3126 ob-

165 3148 353 3215 servandum
378 3165 436 3225 est,
459 3151 705 3214 naturalissimas
728 3151 830 3213 videri
853 3154 1010 3215 sectiones
1033 3152 1228 3234 Menyanthi·

164 3237 294 3301 dearum
318 3250 348 3298 et
369 3239 610 3312 Swertiearum',
642 3260 723 3324 quae
745 3259 785 3301 ex
807 3240 1029 3323 geographicis
1052 3236 1226 3299 rationibus

166 3328 259 3391 etiam
282 3325 364 3386 bene
388 3322 536 3389 delinitae
559 3328 637 3388 sint:
661 3326 846 3390 Chironieas
868 3346 946 3388 vero
968 3345 1028 3408 per
1046 3321 1225 3384 Sabbatiam

165 3411 397 3498 gentianoidem
420 3414 481 3476 ΕΗ.
505 3434 576 3477 cum
597 3414 743 3477 Chloreis
766 3412 929 3494 conjungi,
953 3426 1075 3473 ceteras
1098 3429 1225 3494 quoque

165 3501 267 3565 tribus
296 3500 381 3561 inter
410 3520 444 3562 se
472 3500 556 3563 haud
584 3501 628 3563 ita
657 3501 739 3563 bene
770 3521 862 3586 quam
890 3499 959 3560 illas
988 3516 1062 3559 esse
1091 3497 1226 3559 circum-

166 3589 310 3673 scriptas.
629 3637 632 3642 .

251 3675 378 3739 Genera
405 3674 548 3738 distinxit
575 3674 734 3736 Linnaeus
762 3673 900 3756 primurn
928 3671 1085 3757 quinques
1116 3671 1227 3736 Chiro-

165 3763 265 3839 niam,
294 3764 450 3839 Exacum,
480 3763 685 3836 Gentianam,
715 3763 879 3825 Swertiam
905 3771 938 3821 et
961 3758 1225 3843 Menyanthidem,

165 3867 276 3934 postea
291 3851 424 3913 admissa
440 3872 567 3938 quoque
582 3851 718 3914 Chlora:
743 3870 821 3934 quae
836 3862 870 3910 ut
883 3845 1119 3931 distinguantur
1133 3852 1226 3929 prae'-

167 3940 261 4021 cipue
279 3959 443 4001 numerum
460 3938 597 4021 partium
616 3936 773 4011 adhibuit,
797 3958 856 4021 qua
875 3935 909 3997 in
927 3956 964 3996 re
980 3936 1036 3996 diu
1052 3935 1226 4017 scriptores

165 4026 415 4110 perseverabant
432 4025 686 4108 Gentianeasque
707 4045 816 4086 omnes
836 4023 908 4085 fere
926 4021 1102 4086 tetrandras
1118 4025 1224 4084 Exaco

167 4111 372 4177 adnumerare
394 4112 546 4176 solebant.
589 4111 683 4173 Utin
706 4131 889 4204 unaquaque
907 4108 1041 4184 familia,
1065 4125 1098 4173 et
1115 4108 1225 4172 habitu

168 4212 202 4266 et
222 4199 439 4270 characterum
464 4199 640 4269 consentia
661 4198 867 4287 comparatis,
894 4218 1047 4287 generum
1069 4192 1225 4303 definitio.
