2664 4746
434 259 677 338 Geadaaeamm
699 252 883 357 affinilaldb
981 247 984 250 Δ
1155 271 1199 355 19

130 425 225 505 here,
251 432 467 499 demonstrare
486 452 614 499 conatus
631 458 735 499 eram:
759 458 828 499 nam
851 430 1051 502 alasmineis
1068 441 1194 507 recedit

130 543 231 604 genus
247 522 418 585 seminibus
434 524 603 609 originitus
627 526 762 598 erectis,
786 524 1027 606 cotyledonihus
1038 528 1193 591 latissime

130 609 292 682 foliaceis,
315 632 448 673 numero
471 611 625 674 seminum
649 612 682 672 in
703 631 831 696 quoquo
852 612 956 674 loculo
974 616 1192 698 quaternario!

129 697 596 782 binisleviter-conuenientque
610 698 741 783 oblique
756 699 892 760 invicem
909 699 1078 780 impositis,
1096 722 1194 767 mem·

131 785 227 846 brana
249 786 373 847 interna
396 785 441 862 (l)
464 806 576 859 crassa·
591 785 692 846 solida
715 786 822 868 nigra,
846 784 1004 848 albumine
1023 790 1116 870 plane
1141 789 1195 852 de·

130 870 274 943 ficiente,
297 892 396 955 porro
417 870 527 935 habitu
548 872 742 933 alienissimo
766 872 942 933 Gentianeo
964 871 1116 959 foliisque
1140 876 1195 938 de·

130 958 347 1021 currentibus!
383 979 444 1020 nec
466 981 602 1042 unquam
624 959 825 1040 compositis,
855 958 993 1041 denique
1015 960 1111 1024 bacca
1134 963 1196 1025 cir-

130 1047 313 1108 cumscissa.
358 1049 427 1108 Jam
450 1067 546 1128 quum
562 1046 776 1108 Columelliam
800 1044 968 1130 oblongam
991 1049 1029 1106 R.
1047 1050 1097 1118 P.,
1121 1072 1195 1134 qna.

90 1190 98 1205 ,
130 1134 216 1195 lisia
229 1131 319 1194 herb.
336 1132 541 1211 Willdenow.
558 1148 676 1203 exstat,
700 1152 760 1194 nec
775 1154 837 1193 non
855 1133 888 1195 C-
905 1134 1059 1194 sericeam
1074 1138 1190 1201 Humb.

131 1221 375 1292 examinassem,
407 1221 526 1281 nullum
549 1242 565 1280 a
588 1217 765 1281 Bolivariae
788 1219 896 1282 habitu
920 1220 985 1282 vidi
1008 1219 1193 1298 discrimen,

132 1329 240 1370 verum
263 1306 351 1388 calyx
373 1304 583 1369 semiadnatus
599 1322 648 1369 est
670 1321 701 1368 et
723 1305 937 1388 pericarpium
956 1308 1131 1389 capsulare,
1155 1308 1197 1376 sl·

132 1395 194 1456 mul
218 1385 361 1476 septi-ac
376 1389 596 1465 loculicidum,
628 1393 853 1476 placentaoque
870 1413 933 1453 non
950 1395 1032 1457 utin
1048 1395 1100 1456 illa
1124 1412 1199 1457 cen-

130 1482 225 1544 trales
248 1482 268 1542 l.
291 1481 461 1556 hasilares,
482 1501 612 1552 verum,
637 1480 766 1540 omnino
790 1495 823 1541 ut
845 1479 879 1538 in
901 1480 1091 1560 Lisyantho,
1114 1503 1198 1545 mar-

130 1568 264 1651 ginibus⁴
281 1569 426 1650 capsulae
447 1565 627 1632 introllexis
650 1581 867 1648 apponuntur;
907 1566 1012 1647 itaque
1033 1569 1199 1648 placentae

130 1664 169 1727 4,
194 1657 277 1718 intus
295 1654 520 1728 cohaerentes,
545 1653 671 1714 demum
691 1654 827 1722 solutae,
851 1651 1024 1713 seminibus
1042 1668 1145 1716 tamen
1163 1670 1201 1718 uc

131 1744 164 1802 in
195 1742 355 1804 Bolivaria
383 1741 468 1801 binis
496 1739 627 1822 oblique
656 1737 817 1820 impositis
846 1758 885 1797 cx
915 1739 1024 1820 quavis
1054 1742 1199 1823 placenta

132 1827 399 1889 adscendentibus
429 1846 529 1905 porro
558 1824 720 1905 discrepat
747 1823 897 1885 antherae
925 1840 1079 1888 structura
1101 1844 1135 1893 et
1157 1846 1197 1893 ex

133 1915 260 1986 Donio,
285 1911 371 1993 quod
387 1909 460 1970 mihi
478 1911 656 1972 examinare
679 1931 741 1971 non
757 1910 856 1986 licuit,
878 1909 1059 1992 emhryonis
1073 1913 1197 1981 fabrica

133 2000 173 2060 ad
203 1999 447 2061 Gentianearum
478 1995 615 2077 indolem
643 1995 824 2059 accedente.
876 1999 925 2058 lle
954 1999 1095 2064 authoris
1115 2019 1198 2065 vero

134 2086 223 2146 aliam
248 2105 430 2166 proponere
460 2083 623 2144 maluerim
646 2083 817 2155 theoriam,
856 2105 948 2168 quam
972 2087 1210 2170 liindleyanam.

135 2173 244 2255 sequi:
278 2193 349 2237 nam
370 2169 438 2232 hini
462 2170 557 2231 loculi
580 2170 621 2233 ita
644 2170 784 2253 contigui
806 2185 897 2244 sunt,
921 2187 954 2234 ut
976 2175 1076 2257 magis
1099 2196 1196 2241 unum

58 2320 65 2343 ‚
131 2259 268 2321 loculum
291 2257 482 2320 constituant
509 2272 688 2329 curvatum,
729 2258 876 2339 quoniam
906 2258 999 2320 etiam
1029 2261 1061 2319 in
1085 2261 1198 2336 eadem

131 2345 279 2408 antherae
302 2344 384 2405 facie
407 2344 465 2406 sita
489 2359 537 2406 cst
550 2360 734 2407 curvatura:
759 2343 864 2427 itaque
888 2364 944 2405 sex
966 2345 1120 2431 cujusque
1143 2370 1199 2415 an-

131 2433 240 2494 therae
262 2432 360 2493 loculi
387 2430 583 2504 reducuntur
612 2431 645 2490 in
673 2445 757 2501 tres,
796 2451 988 2514 unoquoque
1011 2431 1112 2511 flexo,
1146 2459 1200 2498 ans

130 2518 220 2583 thera
242 2540 321 2581 vero
344 2519 413 2601 ipsa
446 2538 551 2581 unum*
565 2531 684 2579 stamen
717 2531 749 2579 et
771 2514 938 2578 dimidium
961 2537 1197 2601 repraesentat:

131 2607 184 2668 tali
207 2605 302 2679 modo
325 2606 358 2667 in
381 2602 462 2665 llore
484 2619 668 2686 pentamero
685 2624 781 2664 unum
795 2618 914 2666 stamen
936 2604 1028 2686 plane
1050 2606 1195 2673 abortum

131 2707 198 2768 est,
226 2691 360 2770 duorum
389 2691 510 2768 loculus
540 2692 620 2753 alter
642 2689 768 2762 deficit,
806 2691 886 2755 alter
915 2710 986 2753 cum
1009 2695 1196 2758 staminibus

132 2779 256 2842 duobus
279 2778 474 2841 normalibus
499 2778 694 2852 concrescit,
719 2779 750 2838 in
775 2775 856 2840 llere
878 2794 1041 2842 octomero
1065 2783 1195 2845 stamina

130 2866 282 2933 4ahorta
306 2881 386 2928 sunt.
431 2867 539 2951 ltaque
567 2863 647 2925 nihil
670 2863 772 2926 obstat
796 2864 961 2939 theoriae,
993 2888 1073 2952 quae
1095 2867 1198 2931 allini-
1231 2875 1234 2880 ’

132 2969 210 3016 tates
233 2952 438 3016 Columelliae
460 2951 544 3013 inter
566 2953 721 3013 isomeras
746 2951 881 3012 familias
904 2969 1034 3035 quaerat
1055 2975 1094 3015 ac,
1114 2976 1198 3018 com.

133 3040 252 3121 paratio
276 3059 346 3101 cum
365 3037 550 3101 Gentianeis
572 3038 622 3098 his
645 3038 823 3119 proximum
847 3058 920 3100 esse
943 3060 1043 3122 genus
1067 3041 1197 3106 demon.

132 3127 253 3190 strabit.
305 3123 425 3206 Differt
457 3124 584 3185 nonnisi
615 3125 719 3205 calyce
750 3124 944 3188 semiadnato
973 3124 1048 3202 (nec
1075 3124 1194 3192 discum

134 3214 213 3292 vidi)
237 3229 269 3275 et
291 3211 456 3311 staminurp
479 3209 615 3271 fabrica:
654 3232 723 3270 nam
747 3231 897 3272 numerus
920 3213 1076 3276 seminum
1098 3234 1222 3281 matu--

132 3322 238 3364 rorum
263 3298 412 3362 delinitus
431 3298 527 3358 etiam
557 3297 590 3358 in
612 3295 865 3376 Meuyanthideis
888 3297 1001 3360 obvius
1024 3317 1088 3364 est:
1124 3305 1195 3366 leve

132 3389 304 3450 discrimen
334 3400 434 3448 exstat
467 3403 505 3446 ex
536 3382 685 3445 soliorum
714 3383 919 3464 pubescentia
947 3387 1069 3450 sericea
1099 3390 1131 3450 in
1162 3392 1197 3451 C.

133 3478 271 3537 sericeas
293 3471 401 3535 habitu
419 3493 519 3555 aeque
542 3491 612 3533 cum
632 3470 783 3534 Chironia
799 3472 947 3535 convenit
968 3493 1005 3535 ac
1018 3475 1196 3539 Boliraria:

133 3563 227 3633 haec,
252 3562 347 3623 bacca
369 3582 424 3622 sua
440 3559 621 3621 Chironiam
643 3557 837 3619 bacciferam
860 3561 895 3618 L.
911 3559 1119 3646 plurimisque
1142 3585 1199 3624 no-

133 3652 174 3713 tis
196 3669 368 3718 revocans,
402 3670 418 3707 a
442 3646 626 3709 Gentianeis
648 3647 747 3728 magis
770 3643 895 3708 recedit
917 3645 1045 3709 delectu
1066 3650 1197 3712 alburni.

134 3738 200 3809 nis,
227 3730 546 3816 ombryonis‘lahrica
570 3748 629 3794 etc.
674 3736 743 3794 Nec
763 3730 883 3803 obstat,
907 3754 1000 3816 quarn
1017 3734 1055 3798 «in
1078 3737 1133 3797 his'
1153 3737 1196 3796 la-

134 3823 231 3885 miliis
253 3820 335 3884 haud
355 3819 666 3903 negligendamesse
689 3833 782 3899 puto,
806 3819 969 3881 aestivatio
987 3824 1137 3895 corollae,
1162 3825 1195 3884 in

134 3909 292 3972 Bolivaria
316 3908 515 3970 dextrorsum
538 3922 695 3978 contorta,
733 3906 825 3975 etiam
849 3906 881 3965 in
904 3906 1001 3969 altera
1023 3908 1195 3973 Columella

132 3999 194 4071 ita,
221 3999 251 4059 in
274 3999 369 4059 altera
392 4016 469 4058 vero
493 3994 697 4058 imbricatim.

222 4089 327 4169 ltaque
350 4104 431 4165 quos
453 4102 517 4142 non
531 4079 666 4144 offendit
688 4100 799 4161 parvas
814 4073 945 4141 familias
968 4082 1001 4140 in
1025 4078 1110 4142 diem
1127 4106 1198 4147 sae-1

134 4175 208 4259 pius.
231 4172 393 4246 cunstitui,
417 4169 497 4232 duos
520 4167 651 4248 ordines
674 4165 838 4231 distinctos
862 4188 982 4250 eosque
1006 4167 1197 4247 Gentianeis,
1278 4237 1284 4248 ‚

926 4262 948 4318 2
969 4253 987 4293 tt
