2664 4746
160 292 225 356 210
583 318 588 327 ¹
608 281 788 403 Swerfieae.

161 443 296 505 centrali
312 442 423 504 libera.
454 444 596 507 ‘Semina
613 445 770 528 placentis
788 444 952 518 immersa,
974 455 1054 506 testa
1072 443 1167 505 varia.
1185 476 1229 491 -

158 530 299 617 Incolae,
322 531 495 616 pleraeque
517 533 632 594 Florae
655 532 911 617 alpino-arcticos
933 531 1032 593 totius
1055 530 1143 592 orbis
1165 544 1232 594 ter.

156 618 279 689 rarum,
302 638 419 699 paucae
435 617 689 702 Hemisphacrae
708 617 847 684 borealis
863 608 1075 708 temperatae,
1096 618 1180 682 nulla
1196 618 1232 680 in

159 706 228 789 ipsa
252 704 496 788 Flora'tropica
517 707 675 790 indigena.
715 699 721 712 ’
751 706 753 710 ’
1095 704 1099 712 ’
1181 779 1183 782 y

245 793 422 853 Habitus.
469 796 657 856 Herbaceae
680 814 856 876 perennes,
883 814 957 856 raro
980 812 1118 868 annuae,
1141 790 1232 855 foliis

158 880 447 964 palmati-nerviis,
471 880 605 943 floribus
629 883 756 964 saepius
779 881 936 965 speciosis
958 881 1111 964 insignes.
1155 880 1232 942 Duo

160 987 277 1050 genera
305 967 579 1041 sutl'ruteseentia,
604 969 763 1031 volubilia.
819 969 910 1031 Folia
932 966 1151 1040 decurrentia,
1179 987 1233 1029 ra-

157 1054 284 1116 rissime
307 1055 437 1117 alterna.
489 1057 616 1118 Corolla
639 1056 797 1142 aequalis,
828 1057 905 1119 tubo
928 1054 1047 1117 sensim
1069 1053 1233 1137 ampliato,

158 1140 243 1229 hinc
262 1142 316 1205 rix
343 1143 424 1220 ullo,
454 1144 563 1206 colore
593 1148 731 1226 cyaneo,
762 1143 852 1216 albo,
883 1140 1094 1217 ochroleuco,
1125 1140 1233 1204 rarius

157 1229 361 1291 rubescente.
885 1273 888 1278 >

248 1317 513 1378 Affinitates.
561 1316 836 1400 Caryophyllaceis
865 1329 897 1378 et
922 1315 1033 1378 habitu
1056 1328 1089 1378 et
1111 1313 1234 1377 corolla

158 1403 234 1465 hinc
252 1404 490 1486 subpolypetala
506 1402 661 1466 accedere
676 1403 835 1466 videntur.
854 1464 859 1471 ,
881 1406 962 1464 Tum
977 1403 1130 1471 Swertise
1143 1416 1234 1478 certe

159 1488 294 1554 affinitas
318 1510 389 1552 cum
408 1492 591 1570 Parnassia3
616 1491 833 1555 Centaurellae
855 1489 939 1552 haud
962 1489 1058 1553 dubie
1077 1510 1149 1552 cum
1163 1490 1232 1573 Hy·
1286 1506 1290 1510 ·

157 1579 403 1662 pericinearum
423 1578 584 1640 Sarothra.
644 1581 689 1640 Ita
721 1601 814 1663 quam
845 1577 884 1638 ab
915 1577 982 1654 his,
1016 1578 1054 1640 ab
1086 1575 1235 1656 omnibus

156 1667 390 1748 Monopetaleis
420 1666 546 1746 longius
577 1665 696 1728 distare
724 1665 883 1729 videntur.
913 1700 957 1714 --
1000 1666 1166 1727 Transitus
1192 1664 1234 1727 ad

157 1753 363 1834 Lisyantheas
388 1773 450 1834 per
472 1751 702 1815 Crawfurdiam
725 1766 759 1815 et
780 1752 950 1825 Tachiam‚
982 1752 1021 1814 ad
1043 1751 1235 1836 Erythraea-

160 1859 232 1901 ceas
279 1860 314 1900 er
338 1841 571 1902 Centaurellam
594 1855 627 1902 et
649 1839 854 1918 Cicendiam3
892 1837 1038 1924 inprimis
1060 1839 1100 1902 ad
1122 1842 1235 1922 Meny.

160 1861 323 1989 anthideas
356 1949 415 2009 per
444 1929 611 1992 Swertiam
641 1928 682 1989 ob
710 1926 786 1990 folia
814 1927 968 1991 inferiora
985 1928 1136 2003 alterna,
1170 1946 1234 2011 per

160 2018 331 2075 Traceram
356 2014 396 2074 ob
421 2015 540 2075 semina
563 2036 675 2097 magna
698 2029 731 2077 et
752 2036 866 2098 pauca,
896 2035 955 2097 per
978 2012 1166 2077 Gentianam
1190 2013 1233 2076 ab

158 2101 424 2184 placentationem
453 2115 682 2185 apparatusque
710 2101 930 2185 glandulosae,
966 2101 1040 2163 dein
1068 2102 1110 2165 ob
1137 2102 1234 2164 aesti-

161 2188 321 2251 vationem
343 2187 446 2270 plicae
469 2188 689 2250 intermediae.

241 2442 243 2447 ¹
355 2410 508 2479 XXVII.
554 2410 785 2489 Gentiana
820 2408 1033 2498 Tournes.

161 2554 318 2622 (Gentiana
343 2552 484 2606 Tcurnei'.
511 2555 578 2608 inst.
604 2564 624 2608 t.
643 2562 686 2612 40.
712 2582 745 2592 -
775 2552 860 2606 Line·
880 2569 945 2624 gen·
963 2553 1002 2624 pl·
1022 2561 1047 2609 1.
1064 2571 1096 2626 p·
1118 2559 1177 2610 111.
1198 2588 1234 2602 -

181 2624 295 2678 ‘Froel
316 2622 353 2674 de
373 2626 457 2678 Gent.
477 2643 504 2694 p.
525 2635 550 2682 9.
569 2653 601 2663 -
621 2625 709 2678 Neci.
728 2624 763 2676 cl.
784 2632 809 2678 2.
828 2642 873 2676 nr.
893 2630 954 2680 619.
974 2652 1006 2663 ·-
1026 2624 1183 2678 Borklraus.
1204 2637 1235 2680 et

198 2693 294 2749 Schm.
316 2693 346 2745 in
364 2694 491 2746 Roemer
510 2695 597 2747 asch.
618 2704 643 2750 1.
663 2711 728 2767 pag.
750 2703 783 2751 26
802 2705 831 2747 et
849 2701 875 2752 8.
903 2719 936 2733 ·-
963 2696 1064 2767 Bunge
1087 2695 1117 2750 in
1135 2696 1232 2750 Ncuv.

195 2765 282 2818 Mem.
301 2763 337 2815 de
355 2763 455 2816 l’acad.
474 2763 509 2816 de
529 2767 660 2818 Moscou.
679 2765 746 2818 Vol.
767 2776 791 2822 1.
810 2783 838 2837 Ρ.
858 2772 920 2822 209.
942 2767 989 2832 -l

249 2889 364 2953 Char.
390 2909 475 2970 gen.
521 2891 597 2952 Flos
620 2896 657 2962 5,
680 2893 820 2956 imerus.
865 2891 991 2954 Corolia
1015 2904 1067 2954 aut
1088 2891 1235 2956 tubulosa

161 2991 214 3040 aut
236 2975 561 3050 infundibuliformis‚
584 2976 901 3061 hypocrateriformis
922 2992 1105 3062 notataque,
1128 2980 1235 3042 rarius

161 3065 360 3148 glandulosa,
385 3063 488 3125 foveis
512 3063 733 3148 glanduliferis
757 3066 926 3148 epipetalis
949 3065 1106 3128 destituta.
1151 3068 1236 3129 Fila.

160 3167 265 3213 menta
287 3151 355 3212 basi
379 3152 529 3235 aequalia.
576 3154 728 3236 Stigmata
751 3154 928 3214 terminalia
950 3163 970 3218 ‘2
993 3155 1154 3231 revoluta,
1180 3170 1236 3220 aut

162 3241 190 3301 si
205 3240 354 3322 contigua
368 3238 686 3302 infundibuliformia.
731 3240 865 3322 Capsula
882 3240 1061 3309 ilocularis,
1077 3241 1235 3322 placentis

162 3349 234 3388 cum
254 3326 448 3406 endocarpio
468 3328 620 3389 connatis.
639 3364 681 3379 -
705 3328 810 3391 Caulis
829 3342 936 3389 rectus
956 3328 977 3387 l.
998 3328 1172 3391 subnullus.
1189 3368 1235 3381 -

160 3414 346 3476 Membrana
382 3412 628 3495 intracalycina,
674 3415 750 3475 hinc
784 3415 898 3496 calycis
933 3413 1094 3476 obliterati
1126 3416 1235 3479 locum

160 3515 290 3571 tenens,
323 3499 469 3581 inprimis
497 3502 668 3583 conspicua
696 3517 728 3562 et
751 3501 898 3562 distincta
920 3501 953 3561 in
977 3515 1055 3564 sect.
1078 3502 1234 3578 Asteries,

161 3588 382 3671 Cyclostigma,
406 3586 674 3670 Chondrophylla,
699 3589 813 3669 Cyane,
836 3589 1027 3672 Thylacites,
1048 3590 1234 3664 Coelanthe,

161 3675 386 3745 Tretorrhiza,
417 3675 522 3759 itaque
549 3675 718 3761 plerisque¹
744 3677 963 3760 gerontcgeis.¹
984 3714 1028 3726 -
1057 3680 1234 3742 Processus

162 3769 182 3829 5
206 3780 336 3847 germen
363 3760 431 3823 basi
459 3763 648 3848 plerumque
677 3764 842 3845 cingentes
871 3761 1075 3846 glandulosae
1103 3781 1235 3830 naturae

162 3850 312 3913 videntur
347 3864 518 3930 expertes,
563 3851 663 3934 magis
698 3872 759 3933 pro
795 3849 967 3934 pedunculi
1003 3855 1234 3917 excrescentiis

163 3936 312 3999 habendi.
333 3975 376 3990 --
717 3975 722 3982 ·
994 3966 997 3970 ⁴

252 4025 341 4087 Obs.
386 4024 617 4086 Naturalissimi
640 4026 769 4109 generis
792 4023 941 4086 divisioni
960 4026 1133 4112 praecipue
1150 4026 1233 4092 haec

165 4108 310 4173 obstant:
346 4110 468 4174 scilicet
496 4132 536 4173 ex
564 4113 669 4196 calyce
700 4114 739 4177 G.
768 4110 1002 4194 asclepiadeae,
1032 4113 1169 4198 frigidae
1199 4132 1234 4181 et

165 4195 385 4264 decumbentis
412 4199 498 4263 lusus
523 4206 601 4284 etc.3
635 4220 675 4264 ex
700 4199 842 4267 corollae
863 4197 971 4266 'forma
992 4204 1033 4267 G.
1056 4199 1232 4283 aedicolae,
