2664 4746
123 288 168 369 22
494 288 691 358 Gentianeue.
741 288 819 357 Just.

55 483 63 490 ’
128 456 170 520 sit
183 461 317 534 necesse
334 467 400 528 est,
422 469 475 517 aut
489 455 522 515 in
536 450 690 536 Buddleja
706 474 860 516 summum
875 452 1037 539 sepulum
1029 474 1190 539 imumque

125 543 211 608 cauli
236 555 448 626 opponuntur.
501 543 606 603 Porro
635 562 694 602 nec
719 542 751 601 in
777 541 915 642 polline,
956 543 1072 602 necin
1100 556 1191 614 testa,

129 629 224 695 ctiam
243 629 279 689 in
298 626 577 730 Scropltularineis
594 627 746 709 simplici,
782 647 840 688 ncc
865 628 898 688 in
917 624 1072 712 glandulis
1094 627 1193 709 hypo·

130 717 240 802 gynis,
271 716 366 777 etiam
386 715 419 775 in
441 713 627 777 Gentiaueis
653 714 779 797 saepius
794 712 915 786 obviis,
948 734 1008 776 neo
1025 713 1057 773 in
1074 713 1194 775 corolla

128 802 283 875 decidua,
316 801 426 863 necin
442 799 523 863 llore
541 801 711 883 irregulari
731 812 851 864 exstant
866 801 971 884 signa,
1003 799 1118 884 quibus
1133 800 1194 861 hae

130 888 270 954 familiae
287 886 530 989 distinguantur.
573 887 841 950 Placentationem
856 882 1196 990 scrophulariuearum

129 975 302 1040 centralem
326 975 427 1058 magis
453 974 647 1076 theoretice,
682 992 772 1058 quarn
798 974 938 1057 practice
963 974 1085 1044 valere,
1114 972 1197 1036 dixit

129 1064 169 1126 ol
187 1062 228 1123 de
244 1059 397 1123 Martius:
426 1076 539 1123 verum·
556 1061 611 1143 qui
629 1074 726 1125 status
747 1075 793 1126 sat
819 1059 976 1142 juveniles
998 1059 1056 1122 sub
1081 1060 1195 1120 micro·

131 1149 245 1232 scopio
258 1148 340 1232 agit,
368 1168 432 1208 non
448 1163 536 1210 certe
553 1167 689 1230 unquam
710 1147 751 1208 de
762 1147 882 1230 planta,
912 1148 975 1209 utri
989 1145 1129 1235 familiae
1145 1145 1198 1207 at]-

133 1234 303 1299 scribenda
320 1234 376 1306 sit,
408 1234 440 1293 in
462 1254 606 1296 errarem
624 1233 808 1297 inducetur:
843 1255 914 1297 vasa
936 1234 1020 1294 enim
1042 1230 1197 1295 seminum

132 1321 281 1385 nutritiva
297 1322 330 1381 in
345 1319 510 1391 omnibus,
542 1342 618 1402 quas
635 1321 896 1394 examinaverint,
920 1318 1197 1402 Scrophularineis

133 1403 336 1472 immediatim
352 1428 391 1468 ex
407 1406 585 1488 pedunculo
599 1407 799 1508 placentam
791 1423 922 1476 intrant,
953 1418 1047 1490 quum
1065 1407 1096 1467 in
1114 1409 1199 1468 Gen.
1226 1458 1228 1462 Α

133 1495 247 1558 tianeis
271 1494 360 1576 prius
384 1493 601 1575 carpellorunt
620 1493 799 1575 parietesl.
823 1494 982 1576 margines
1000 1507 1197 1576 percurrant

134 1586 244 1666 Itaque
260 1601 299 1642 ex
319 1579 370 1640 his
386 1595 479 1663 atque
498 1599 536 1641 ex
556 1581 693 1641 corollae
716 1579 1052 1661 Scrophularinearum
1067 1579 1200 1640 aestiva

134 1671 224 1734 tione
245 1683 297 1731 aut
321 1667 480 1729 cochleari
508 1681 560 1729 aut
584 1665 782 1729 imbricativa
806 1667 890 1729 linea
916 1665 1058 1728 construi
1072 1679 1215 1766 potest,

136 1776 218 1838 quae
233 1771 404 1837 utrumque
422 1753 568 1815 ordinem
585 1754 695 1816 stricte
710 1752 852 1814 discerni
868 1753 999 1836 patitui,
1030 1753 1081 1814 cui
1097 1766 1129 1814 et
1148 1749 1225 1820 liaffss'
1220 1768 1241 1849 5

138 1841 223 1904 bitus
246 1855 279 1902 et
298 1840 490 1922 prinsipium
517 1860 654 1901 amarum
676 1840 799 1903 favent·
835 1839 989 1901 accedunt
1013 1837 1087 1900 dein
1107 1830 1249 1904 uotae-‘li

140 1926 364 1996 secundariae,
395 1927 513 1988 corolla
531 1925 736 2008 irregularis,
773 1925 924 2001 decidua,
949 1926 1079 1997 stamina
1100 1926 1202 1989 aniso-

139 2034 241 2097 genea
262 2014 311 2090 (in
330 2009 509 2093 Lisy'anthis
530 2023 569 2074 ct
579 2013 736 2073 Cansoora
752 2012 919 2095 repetita),
952 2012 1078 2095 capsula
1098 2011 1202 2074 dehis-

140 2097 424 2163 centialoculicida
441 2113 499 2160 eto.
556 2102 647 2161 Itae.
673 2118 699 2159 o.
720 2101 920 2180 Caconapaea
943 2095 1063 2161 Sehtdl
1083 2099 1201 2170 Cheru,
1275 2151 1277 2154 a

139 2186 263 2271 Hippio
280 2208 318 2246 ox
335 2185 443 2246 habitu
461 2183 619 2267 proxima,
653 2182 762 2246 differt
781 2184 820 2250 ab
843 2185 905 2247 hoc
929 2203 1048 2270 genere
1071 2188 1204 2248 aestiva·
1267 2176 1278 2211 ’¹

141 2276 229 2338 tione
242 2270 379 2333 corollae
402 2271 628 2342 cochleari,
648 2270 780 2352 capsula
794 2270 885 2331 simul
900 2270 1071 2332 loculicida·
1085 2287 1125 2346 ιι
1133 2292 1205 2353 sep-

141 2360 256 2432 tieida‚
279 2357 509 2432 dissepimento
526 2378 565 2418 ex
583 2356 681 2420 valna
696 2372 785 2430 orto,
815 2359 957 2438 placenta
975 2357 1204 2454 originitus

141 2446 285 2516 neutrali,
309 2445 426 2506 corolla
441 2444 611 2528 irregulari
628 2459 660 2507 et
672 2401 857 2507 staminibus
875 2443 1133 2528 didynamis.

228 2533 264 2613 4)
287 2530 588 2615 Carpophylleae
618 2546 655 2593 et
676 2528 834 2602 affines,
865 2529 981 2615 quibus
999 2532 1135 2595 indicata
1155 2531 1205 2593 lo-

142 2623 259 2709 liorum
274 2619 398 2680 indoles
415 2619 594 2680 essentialis
611 2631 667 2678 est.
719 2616 884 2680 Accedunt
904 2634 1004 2701 porro
1019 2617 1205 2681 Gentiaueis

147 2729 186 2772 ex
192 2698 433 2768 ramilicatioue
448 2718 480 2766 et
495 2701 733 2766 inflorescentia
754 2704 948 2789 eetttrifuga,
979 2704 1075 2767 modo
1097 2704 1206 2767 dicho-

145 2798 245 2867 toma,
275 2790 371 2852 modo
391 2789 617 2852 racemilormi.
673 2789 825 2873 Analogia
850 2805 882 2854 et
907 2787 1002 2854 faciei
1030 2791 1205 2853 similitudo

146 2896 270 2944 exstare
288 2876 450 2942 ridetur
441 2893 525 2940 anter
544 2877 687 2939 Alsinem
705 2877 889 2939 trinerviam
917 2894 948 2941 et
974 2877 1205 2961 Anagallidium

146 2968 369 3041 dichotomum,
391 2965 476 3026 inter
489 2964 663 3026 Stellariam
682 2979 714 3026 et
729 2964 918 3026 Gentianam
935 2965 1157 3027 cerastioidem
1174 2981 1207 3028 et
1230 3009 1237 3013 -

148 3051 392 3124 stellarioidem‚
423 3051 515 3112 etiam
534 3051 618 3113 inter
642 3049 806 3112 Suertiam
830 3066 862 3114 et
880 3052 1088 3132 Claytoniam:
1119 3052 1206 3132 calyx

146 3139 306 3224 bisepalus
320 3138 578 3199 Portulacearum
594 3136 730 3217 calycem
739 3138 919 3202 Gentianae
934 3136 1061 3200 bilobae
1075 3139 1139 3199 Dc.
1155 3157 1206 3196 re-

148 3240 249 3292 vocat.
292 3224 486 3287 Discrimina
509 3237 617 3305 patent
632 3244 670 3285 ex
694 3224 813 3295 corolla
832 3225 1028 3308 polypetala,
1059 3221 1204 3304 inprimis

149 3335 189 3379 cx
206 3311 440 3412 placentatione
453 3325 513 3372 eto.

96 3456 98 3459 .
237 3398 272 3477 5)
295 3397 589 3480 Hypericineae.
633 3399 701 3458 Jant
728 3416 821 3478 supra
843 3413 948 3456 sermo
970 3406 1036 3454 erat
1057 3391 1097 3453 de
1117 3392 1208 3455 Saro-

150 3488 240 3552 thrae
259 3483 428 3548 affinitate:
458 3482 499 3544 ob
518 3483 781 3569 placentationem
802 3482 920 3542 familia
936 3477 1120 3542 Gentianeis
1137 3488 1210 3584 pro-

151 3575 224 3658 pius
243 3571 382 3646 accedit,
412 3590 505 3654 quam
519 3568 582 3631 ulla
604 3568 926 3651 aliaPolypetalarum
941 3566 1075 3640 familia,
1100 3587 1151 3629 cur
1142 3567 1210 3628 '-af

153 3659 267 3725 linitati
286 3659 379 3721 etiam
396 3658 503 3719 favent
515 3656 671 3738 Hyperici
684 3654 869 3718 resullae*
838 3675 949 3739 mgro-
954 3669 1137 3752 puncturae,
1161 3676 1211 3716 ea-

155 3768 225 3811 rum
240 3745 422 3821 aestivatlo,
449 3741 703 3806 inflorescentiat
727 3742 839 3844 'itaque
866 3762 961 3825 quum
978 3737 1040 3824 jam
1062 3739 1212 3803 differen-

154 3837 217 3899 tiae
236 3854 275 3897 ex
292 3833 413 3894 semine
426 3832 609 3933 desumptae
624 3829 835 3901 evanuissent,
856 3828 978 3891 limites
989 3827 1154 3911 utriusque
1168 3827 1213 3889 fa-

156 3919 285 3985 miliae
275 3917 423 4002 inprimis
441 3939 481 3980 ex
505 3918 670 3978 staminum
691 3914 866 3977 insertione
879 3913 1034 3998 pendent:
1063 3935 1212 3976 numerus

153 4009 243 4075 enim
258 4002 463 4073 indefinitus
455 4026 488 4067 m
504 4000 653 4064 Sarothra
669 4000 794 4064 desiuit.

243 4093 279 4173 6)
300 4091 563 4157 Primulaoeae
585 4088 803 4152 nonnullae
848 4086 1004 4156 Omnilms
1023 4088 1151 4173 quidem
1167 4087 1215 4149 fo.

159 4182 201 4254 lis
212 4191 419 4256 marcescunt,
442 4198 552 4250 totam
559 4177 717 4270 plurimis
729 4175 851 4248 alteras
869 4174 1130 4251 sunt-maauaie
1143 4175 1215 4275 pia.
