2664 4746
127 269 171 343 ss
281 352 284 357 p
384 234 810 367 lucernariae.
915 306 918 310 -

126 423 214 493 toliis
228 444 270 489 ex
282 425 368 497 nodo
383 427 509 514 integro
525 431 620 510 ortis,
640 431 874 515 placentatiooc
889 430 1055 515 originitus
1071 429 1191 493 salvari

128 526 160 574 et
175 513 380 579 aestivstione
395 517 534 580 corollae
548 532 601 580 aut
615 519 815 583 dextrorsum
830 532 975 581 contorta
989 533 1042 581 aut
1055 516 1192 600 indupli-

126 600 228 663 cativs
250 601 469 666 admittantur:
493 627 573 690 quae
597 607 624 667 si
645 607 811 681 concedis,
835 607 929 669 etiam
951 605 1010 668 hos
1031 606 1192 668 characte-

125 706 179 751 res
197 707 316 774 eosque
337 706 384 778 sat
401 712 514 776 graves
533 714 593 777 per
611 707 712 757 totum
730 693 877 756 ordinem
897 707 1076 756 constanter
1095 713 1132 755 ac
1148 713 1191 754 ne

124 796 186 859 uus
208 776 335 861 quidem
358 779 546 861 exceptione
568 774 711 845 turbatos
734 781 872 844 videbis:
896 779 1011 845 ssorem
1030 781 1193 843 homome.

125 884 214 936 rum,
238 868 377 948 sepulum
401 867 544 952 quintum
566 868 605 930 ab
628 870 678 931 axi
700 883 873 943 remotum,
902 869 1080 953 verticillos¹
1098 865 1190 934 ilotis

126 950 336 1030 alternantes,
367 955 505 1037 calycem
533 956 776 1038 persistentem,
806 957 958 1019 corollam
987 957 1191 1040 sympetslam
1249 1022 1253 1034 ,

124 1037 338 1124 hypegynam,
363 1043 494 1103 stamina
513 1044 684 1127 epipetala,
710 1045 853 1108 orarium
870 1044 1029 1128 integrum
1049 1064 1088 1107 ex
1106 1043 1192 1104 binis

126 1129 274 1211 osrpellis
296 1129 525 1212 compositumt
548 1144 659 1193 testam
684 1132 878 1214 simplicem,
906 1133 1110 1214 embryoncm
1134 1131 1193 1191 mi·

126 1228 235 1279 autum
257 1216 371 1281 exilem
393 1216 662 1298 subcylindricum
683 1234 883 1303 anatropum:
907 1239 967 1281 uec
984 1221 1087 1282 minus
1105 1217 1193 1290 hebi.

126 1314 177 1367 tus
195 1315 228 1365 et
243 1324 366 1366 amaror
383 1304 628 1369 concinnitatem
644 1307 797 1392 quandam
815 1306 968 1368 exhibere
985 1306 1144 1369 videntur.

212 1390 469 1453 Excludebsntur
489 1389 551 1475 jam
574 1415 590 1454 u
615 1394 654 1457 cl.
677 1393 718 1456 de
738 1395 852 1457 Martio
871 1394 1105 1478 Spigeliaceae,
1128 1395 1194 1456 Le·

127 1477 293 1563 gmtaueas
312 1492 345 1540 ct
362 1480 560 1542 Petaliaceae
581 1480 616 1558 (1.
636 1502 662 1544 c.
681 1504 712 1564 p.
731 1484 827 1561 133):
850 1496 945 1565 atque
964 1480 1047 1543 lmud
1067 1481 1134 1543 scio
1153 1502 1192 1543 an

126 1585 192 1628 aon
205 1565 346 1649 Spigelia
362 1567 469 1652 aliquo
486 1568 557 1650 jure
572 1569 742 1631 Rubiaceis
762 1568 970 1631 adscribatur.
1014 1571 1092 1631 Nam
1110 1569 1193 1630 fruc·

126 1666 177 1717 tus
206 1654 261 1738 qui
291 1652 408 1717 dieitur
437 1658 575 1738 superus
601 1656 694 1719 etiam
725 1658 759 1717 iu
789 1656 987 1730 Houstonia,
1019 1655 1193 1738 Hedyotidi

126 1742 270 1825 proxima
293 1741 350 1821 (cf.
370 1741 483 1824 vvight
496 1755 537 1817 ¹et
555 1744 671 1807 Arnott
688 1744 785 1805 Flora
802 1744 930 1805 Penius.
952 1752 968 1809 1
988 1766 1018 1825 p.
1039 1747 1134 1822 406),
1159 1755 1192 1803 ct

126 1827 161 1889 in
178 1828 340 1904 Mitreola,
364 1828 402 1890 ab
420 1829 633 1911 Ophiorrhiza
650 1831 735 1894 haud
752 1832 847 1893 nimis
867 1830 1056 1914 separanda,
1080 1850 1190 1892 occur·

126 1927 221 1979 rents
248 1914 434 1977 'Rubiaceae
468 1918 552 1978 enim
586 1941 603 1979 a
634 1919 822 1983 Gentisneis
854 1919 1002 2001 inprimis
1035 1917 1192 1981 nodorum

126 2000 264 2074 fabrica,
292 2002 416 2084 stipulis
440 2014 473 2063 et
515 2004 724 2067 lacentatione
747 2005 901 2068 recedere
926 2005 1088 2080 videntur,
1116 2003 1192 2066 dum

127 2089 215 2173 calyx
236 2089 268 2149 in
292 2104 427 2175 utroque
448 2026 562 2151 ordine
584 2093 742 2173 persistat.

213 2177 437 2239 Mitrosacmen
456 2177 530 2241 Lab.
549 2177 587 2238 cl.
605 2183 723 2240 Brown
739 2179 842 2260 primo
860 2177 988 2262 quidem
1006 2165 1193 2242 Gentianeis

128 2261 358 2332 adnumeravit,
388 2279 501 2349 postea
526 2285 604 2327 vero
618 2259 783 2347 (General
805 2267 975 2347 Remarlss)
998 2288 1098 2350 genus
1121 2285 1192 2327 cum

128 2353 268 2436 Logsnia
283 2354 455 2415 'removere
473 2351 619 2414 maluisse
636 2352 773 2415 videtur.
808 2358 928 2415 Tamen
946 2353 1016 2431 etsi,
1032 2353 1067 2414 ni
1086 2354 1191 2429 fallor,

95 2434 97 2445 '
129 2458 200 2503 cusu
215 2440 358 2524 Logaaia
376 2440 445 2523 ipse
463 2440 497 2502 in
515 2441 619 2504 anime
638 2440 749 2504 habuit
766 2437 961 2514 affinitatem,
982 2461 1045 2504 non
1061 2462 1192 2522 possum

129 2527 240 2602 sibae,
263 2527 340 2613 quin
354 2528 448 2591 aliter
461 2529 605 2591 sentiam.
649 2532 728 2591 Nam
742 2528 964 2591 Mitrosacmae
980 2529 1116 2610 stipulae
1133 2547 1193 2589 nec

128 2615 372 2678 rudimentsriae
395 2617 444 2695 (ut
467 2616 500 2676 in
520 2618 716 2698 Apocyneis)
738 2635 800 2677 nec
822 2614 974 2677 evanidas
993 2616 1093 2698 (utin
1114 2615 1194 2678 Stel·
1273 2683 1275 2695 Ι

128 2703 215 2777 lutis,
238 2703 292 2764 ubi
313 2701 353 2762 ad
374 2702 524 2765 verticilli
545 2703 618 2765 solii
640 2705 733 2765 unius
754 2701 908 2787 cujusque
931 2702 1020 2764 basin
1043 2703 1194 2788 utrinque

129 2803 212 2853 stetu
226 2803 274 2853 sat
286 2788 418 2870 juveniti
434 2791 688 2872 conspiciuntur)
704 2804 786 2864 suut,
805 2810 915 2853 verum
933 2791 1035 2852 nodus
1051 2791 1193 2872 integer:

128 2898 191 2941 neo
217 2877 261 2939 ite
286 2877 321 2938 in
342 2877 492 2961 Lagania.
536 2879 686 2940 Habitum
714 2898 793 2941 vero
820 2877 979 2939 connexui
1007 2898 1079 2941 cum
1100 2879 1193 2939 Scro-

127 2963 324 3050 phulsrineis
336 2966 467 3029 ‚obstare
482 2986 546 3026 non
562 2964 752 3047 putaverim,
768 2964 956 3050 quibusdam
971 2966 1194 3029 Mitrcsacmae·

129 3050 298 3137 speciebus
323 3077 342 3117 a
363 3053 540 3125 Verouica,
571 3052 738 3134 Capraria,
767 3053 961 3137 Polypremo
990 3054 1073 3117 baud
1098 3053 1193 3115 nimis

129 3140 251 3203 alienis.
291 3141 436 3203 Summus
451 3139 626 3216 character,
643 3141 697 3224 qui
713 3142 797 3202 inter
811 3141 1092 3224 Scrophularineas
1109 3143 1193 3203 Gen·

129 3229 313 3314 tisueasque
330 3226 514 3301 intercedit,
539 3229 680 3309 sepulum
699 3226 850 3312 quintum,
861 3229 899 3290 ab
919 3231 971 3289 axi
987 3242 1143 3290 remotum
1160 3225 1192 3282 in

129 3314 211 3380 flore
229 3328 400 3380 tetrumero
417 3336 481 3377 non
500 3315 634 3396 amplius
654 3316 820 3379 observari
834 3328 956 3396 potest:
978 3315 1084 3395 itaque
1103 3310 1131 3371 si
1145 3310 1192 3371 in-

130 3405 304 3491 quiramus,
335 3404 399 3466 utri
422 3401 528 3464 ordini
550 3399 986 3497 Mitrosacmexadscribenda
1009 3399 1066 3468 sit,
1099 3396 1193 3459 sesti·

129 3492 288 3557 rationem
307 3491 536 3565 examinemus,
558 3489 592 3551 in
609 3489 672 3560 hoc
690 3507 810 3570 genere
829 3486 921 3568 plane
935 3499 969 3546 ut
984 3485 1017 3546 in
1033 3485 1193 3550 Veronica
1212 3521 1222 3541 ,

130 3577 374 3652 imbricativssn,
396 3579 510 3662 petalis
530 3577 614 3639 binis
630 3575 771 3638 externis
789 3573 872 3634 binis
890 3573 1031 3635 inclusis.
1076 3572 1195 3636 Suadet

130 3667 214 3732 idem
232 3666 422 3748 placeatatio
439 3685 577 3728 necnon
594 3661 816 3746 pubescentia,
838 3662 871 3722 io
889 3661 1075 3724 Gentiaueis
1090 3663 1195 3724 rarius

132 3755 257 3831 obvia,¹
273 3772 335 3814 nec
365 3754 494 3831 obstare
521 3750 650 3817 videtur
679 3750 802 3814 fructus
832 3762 988 3813 structura
999 3726 1024 3825 ,⁸
1044 3737 1192 3834 quantum

130 3840 271 3926 judicare
293 3861 431 3921 pessum.
863 3916 865 3920 .

219 3927 400 3992 Sarotbrsm
426 3925 569 3990 nonnulli
593 3924 778 3997 Gentieneis
804 3921 990 3986 adscribunt
1017 3943 1077 3985 nec
1106 3937 1194 3985 certe

133 4013 268 4080 affinitas
279 4035 350 4079 cum
358 4013 557 4078 Centaurella
569 4014 680 4096 negari
692 4024 812 4096 potest:
828 4025 932 4072 tamen
946 4032 1046 4094 genus
1060 4027 1195 4094 propter

44 4127 47 4134 ·
133 4105 266 4166 stamina
283 4118 355 4167 toro
370 4103 490 4166 inserta
506 4113 539 4161 et
554 4097 678 4163 fructus
695 4113 883 4163 structuram
899 4097 1072 4161 excludere
1088 4099 1193 4159 malui.

133 4189 224 4261 Folia
240 4192 369 4279 quidem
384 4201 531 4278 punctata
548 4187 643 4255 etiam
657 4190 691 4253 iu
704 4185 874 4254 Chironiae
890 4185 1011 4285 duabus
1025 4184 1195 4269 speciebus
