<?xml version="1.0" encoding="UTF-8"?>
<!DOCTYPE html PUBLIC "-//W3C//DTD XHTML 1.0 Transitional//EN"
    "http://www.w3.org/TR/xhtml1/DTD/xhtml1-transitional.dtd">
<html xmlns="http://www.w3.org/1999/xhtml" xml:lang="en" lang="en">
 <head>
  <title>
</title>
<meta http-equiv="Content-Type" content="text/html;charset=utf-8" />
  <meta name='ocr-system' content='tesseract 3.04.00' />
  <meta name='ocr-capabilities' content='ocr_page ocr_carea ocr_par ocr_line ocrx_word'/>
</head>
<body>
  <div class='ocr_page' id='page_1' title='image "./generaetspecies00grisgoog_0240.png"; bbox 0 0 2664 4746; ppageno 0'>
   <div class='ocr_carea' id='block_1_1' title="bbox 118 299 1270 3677">
    <p class='ocr_par' dir='ltr' id='par_1_1' title="bbox 339 299 1200 598">
     <span class='ocr_line' id='line_1_1' title="bbox 572 299 751 369; baseline 0 -1"><span class='ocrx_word' id='word_1_1' title='bbox 572 299 751 369; x_wconf 71' lang='lat' dir='ltr'><strong>Smertim</strong></span> 
     </span>
     <span class='ocr_line' id='line_1_2' title="bbox 339 453 1200 598; baseline -0.008 -85"><span class='ocrx_word' id='word_1_2' title='bbox 339 533 340 537; x_wconf 5' lang='grc' dir='ltr'>ἵ</span> <span class='ocrx_word' id='word_1_3' title='bbox 405 459 572 598; x_wconf 72' lang='lat' dir='ltr'><strong>lc.)Bsrr.</strong></span> <span class='ocrx_word' id='word_1_4' title='bbox 606 468 666 518; x_wconf 82' lang='lat'><strong>51⁰.</strong></span> <span class='ocrx_word' id='word_1_5' title='bbox 696 458 718 513; x_wconf 75' lang='lat' dir='ltr'><strong>t</strong></span> <span class='ocrx_word' id='word_1_6' title='bbox 750 465 776 514; x_wconf 72' lang='lat'><strong>2.</strong></span> <span class='ocrx_word' id='word_1_7' title='bbox 814 455 977 525; x_wconf 75' lang='lat' dir='ltr'><strong>(Transitus</strong></span> <span class='ocrx_word' id='word_1_8' title='bbox 1002 454 1039 509; x_wconf 88' lang='lat' dir='ltr'><strong>ad</strong></span> <span class='ocrx_word' id='word_1_9' title='bbox 1065 453 1200 508; x_wconf 80' lang='lat' dir='ltr'><strong>sormam</strong></span> 
     </span>
     <span class='ocr_line' id='line_1_3' title="bbox 439 549 532 584; baseline 0 -8"><span class='ocrx_word' id='word_1_10' title='bbox 439 549 465 584; x_wconf 73' lang='grc' dir='ltr'><strong>α.</strong></span> <span class='ocrx_word' id='word_1_11' title='bbox 498 563 532 576; x_wconf 76' lang='grc'><strong>.-</strong></span> 
     </span>
    </p>

    <p class='ocr_par' dir='ltr' id='par_1_2' title="bbox 125 628 1200 1328">
     <span class='ocr_line' id='line_1_4' title="bbox 212 628 1200 719; baseline -0.003 -24"><span class='ocrx_word' id='word_1_12' title='bbox 212 633 402 696; x_wconf 78' lang='lat' dir='ltr'><strong>Adumbr.</strong></span> <span class='ocrx_word' id='word_1_13' title='bbox 432 662 465 703; x_wconf 76' lang='lat' dir='ltr'><strong>a.</strong></span> <span class='ocrx_word' id='word_1_14' title='bbox 495 635 616 697; x_wconf 86' lang='lat' dir='ltr'><strong>-Caulis</strong></span> <span class='ocrx_word' id='word_1_15' title='bbox 640 634 783 719; x_wconf 80' lang='lat' dir='ltr'><strong>gracilis,</strong></span> <span class='ocrx_word' id='word_1_16' title='bbox 817 628 1065 705; x_wconf 89' lang='lat' dir='ltr'><strong>strictiusculus,</strong></span> <span class='ocrx_word' id='word_1_17' title='bbox 1101 629 1200 714; x_wconf 59' lang='lat'><strong>72-</strong></span> 
     </span>
     <span class='ocr_line' id='line_1_5' title="bbox 127 714 1197 804; baseline -0.007 -18"><span class='ocrx_word' id='word_1_18' title='bbox 127 720 300 804; x_wconf 68' lang='lat' dir='ltr'><strong>t½padatis</strong></span> <span class='ocrx_word' id='word_1_19' title='bbox 323 724 607 785; x_wconf 71' lang='lat' dir='ltr'><strong>eiecto-ramosus</strong></span> <span class='ocrx_word' id='word_1_20' title='bbox 634 723 654 783; x_wconf 88' lang='lat'><strong>1.</strong></span> <span class='ocrx_word' id='word_1_21' title='bbox 679 717 882 803; x_wconf 85' lang='lat' dir='ltr'><strong>subsimplex.</strong></span> <span class='ocrx_word' id='word_1_22' title='bbox 928 720 1017 781; x_wconf 89' lang='lat' dir='ltr'><strong>Folia</strong></span> <span class='ocrx_word' id='word_1_23' title='bbox 1044 714 1197 788; x_wconf 85' lang='lat' dir='ltr'><strong>uncialia,</strong></span> 
     </span>
     <span class='ocr_line' id='line_1_6' title="bbox 125 807 1198 895; baseline -0.004 -26"><span class='ocrx_word' id='word_1_24' title='bbox 125 807 317 870; x_wconf 70' lang='lat' dir='ltr'><strong>internodiis</strong></span> <span class='ocrx_word' id='word_1_25' title='bbox 337 809 503 884; x_wconf 82' lang='lat' dir='ltr'><strong>breviora,</strong></span> <span class='ocrx_word' id='word_1_26' title='bbox 530 809 674 895; x_wconf 80' lang='lat' dir='ltr'><strong>margine</strong></span> <span class='ocrx_word' id='word_1_27' title='bbox 695 808 734 870; x_wconf 85' lang='lat' dir='ltr'><strong>ad</strong></span> <span class='ocrx_word' id='word_1_28' title='bbox 756 809 874 870; x_wconf 80' lang='lat' dir='ltr'><strong>lentem</strong></span> <span class='ocrx_word' id='word_1_29' title='bbox 900 807 1062 871; x_wconf 86' lang='lat' dir='ltr'><strong>serrulata.</strong></span> <span class='ocrx_word' id='word_1_30' title='bbox 1095 808 1198 886; x_wconf 86' lang='lat' dir='ltr'><strong>Cyma</strong></span> 
     </span>
     <span class='ocr_line' id='line_1_7' title="bbox 125 894 1198 978; baseline -0.005 -22"><span class='ocrx_word' id='word_1_31' title='bbox 125 895 375 971; x_wconf 81' lang='lat' dir='ltr'><strong>racemisormis,</strong></span> <span class='ocrx_word' id='word_1_32' title='bbox 395 895 491 959; x_wconf 86' lang='lat' dir='ltr'><strong>modo</strong></span> <span class='ocrx_word' id='word_1_33' title='bbox 512 894 669 971; x_wconf 87' lang='lat' dir='ltr'><strong>rarissora‚</strong></span> <span class='ocrx_word' id='word_1_34' title='bbox 689 895 785 958; x_wconf 86' lang='lat' dir='ltr'><strong>modo</strong></span> <span class='ocrx_word' id='word_1_35' title='bbox 805 896 979 978; x_wconf 88' lang='lat' dir='ltr'><strong>composita</strong></span> <span class='ocrx_word' id='word_1_36' title='bbox 997 907 1198 975; x_wconf 85' lang='lat' dir='ltr'><strong>tenuemque</strong></span> 
     </span>
     <span class='ocr_line' id='line_1_8' title="bbox 125 980 1198 1066; baseline -0.008 -21"><span class='ocrx_word' id='word_1_37' title='bbox 125 982 267 1065; x_wconf 84' lang='lat' dir='ltr'><strong>thyrsum</strong></span> <span class='ocrx_word' id='word_1_38' title='bbox 298 980 478 1046; x_wconf 86' lang='lat' dir='ltr'><strong>efformans.</strong></span> <span class='ocrx_word' id='word_1_39' title='bbox 532 983 655 1066; x_wconf 83' lang='lat' dir='ltr'><strong>Calycis</strong></span> <span class='ocrx_word' id='word_1_40' title='bbox 683 983 751 1044; x_wconf 90' lang='lat' dir='ltr'><strong>lobi</strong></span> <span class='ocrx_word' id='word_1_41' title='bbox 781 983 888 1059; x_wconf 75' lang='lat' dir='ltr'><strong>obtusi</strong></span> <span class='ocrx_word' id='word_1_42' title='bbox 918 982 1026 1046; x_wconf 90' lang='lat' dir='ltr'><strong>tubum</strong></span> <span class='ocrx_word' id='word_1_43' title='bbox 1059 1001 1198 1065; x_wconf 83' lang='lat' dir='ltr'><strong>aequari.</strong></span> 
     </span>
     <span class='ocr_line' id='line_1_9' title="bbox 125 1069 1199 1153; baseline -0.006 -20"><span class='ocrx_word' id='word_1_44' title='bbox 125 1084 192 1145; x_wconf 89' lang='lat' dir='ltr'><strong>tes,</strong></span> <span class='ocrx_word' id='word_1_45' title='bbox 232 1069 372 1133; x_wconf 82' lang='lat' dir='ltr'><strong>corollae</strong></span> <span class='ocrx_word' id='word_1_46' title='bbox 404 1070 482 1132; x_wconf 89' lang='lat' dir='ltr'><strong>tubo</strong></span> <span class='ocrx_word' id='word_1_47' title='bbox 510 1072 565 1133; x_wconf 79' lang='lat' dir='ltr'><strong>uix</strong></span> <span class='ocrx_word' id='word_1_48' title='bbox 588 1069 684 1153; x_wconf 86' lang='lat' dir='ltr'><strong>duplo</strong></span> <span class='ocrx_word' id='word_1_49' title='bbox 708 1069 887 1133; x_wconf 80' lang='lat' dir='ltr'><strong>breviores.</strong></span> <span class='ocrx_word' id='word_1_50' title='bbox 939 1069 1085 1132; x_wconf 86' lang='lat' dir='ltr'><strong>Corollae</strong></span> <span class='ocrx_word' id='word_1_51' title='bbox 1119 1088 1199 1128; x_wconf 91' lang='lat' dir='ltr'><strong>coe-</strong></span> 
     </span>
     <span class='ocr_line' id='line_1_10' title="bbox 125 1154 1197 1240; baseline -0.003 -21"><span class='ocrx_word' id='word_1_52' title='bbox 125 1158 234 1226; x_wconf 84' lang='lat' dir='ltr'><strong>ruleae</strong></span> <span class='ocrx_word' id='word_1_53' title='bbox 270 1156 363 1218; x_wconf 85' lang='lat' dir='ltr'><strong>tubus</strong></span> <span class='ocrx_word' id='word_1_54' title='bbox 403 1157 596 1229; x_wconf 88' lang='lat' dir='ltr'><strong>obconicus,</strong></span> <span class='ocrx_word' id='word_1_55' title='bbox 631 1157 698 1219; x_wconf 91' lang='lat' dir='ltr'><strong>lobi</strong></span> <span class='ocrx_word' id='word_1_56' title='bbox 730 1155 1080 1240; x_wconf 86' lang='lat' dir='ltr'><strong>elliptieo-lanceolati</strong></span> <span class='ocrx_word' id='word_1_57' title='bbox 1113 1154 1197 1216; x_wconf 92' lang='lat' dir='ltr'><strong>tubo</strong></span> 
     </span>
     <span class='ocr_line' id='line_1_11' title="bbox 126 1242 1064 1328; baseline 0 -22"><span class='ocrx_word' id='word_1_58' title='bbox 126 1243 282 1327; x_wconf 87' lang='lat' dir='ltr'><strong>subduplo</strong></span> <span class='ocrx_word' id='word_1_59' title='bbox 304 1242 482 1308; x_wconf 84' lang='lat' dir='ltr'><strong>breviores.</strong></span> <span class='ocrx_word' id='word_1_60' title='bbox 528 1244 666 1307; x_wconf 81' lang='lat' dir='ltr'><strong>Stamina</strong></span> <span class='ocrx_word' id='word_1_61' title='bbox 690 1243 800 1305; x_wconf 89' lang='lat' dir='ltr'><strong>tubum</strong></span> <span class='ocrx_word' id='word_1_62' title='bbox 822 1243 1064 1328; x_wconf 77' lang='lat' dir='ltr'><strong>subsequentes.</strong></span> 
     </span>
    </p>

    <p class='ocr_par' dir='ltr' id='par_1_3' title="bbox 124 1329 1196 2197">
     <span class='ocr_line' id='line_1_12' title="bbox 212 1329 1196 1414; baseline -0.003 -24"><span class='ocrx_word' id='word_1_63' title='bbox 212 1335 354 1393; x_wconf 84' lang='lat' dir='ltr'><strong>Lusus.</strong></span> <span class='ocrx_word' id='word_1_64' title='bbox 399 1332 531 1414; x_wconf 84' lang='lat' dir='ltr'><strong>Species</strong></span> <span class='ocrx_word' id='word_1_65' title='bbox 558 1331 720 1395; x_wconf 83' lang='lat' dir='ltr'><strong>variabilis</strong></span> <span class='ocrx_word' id='word_1_66' title='bbox 745 1353 784 1393; x_wconf 88' lang='lat' dir='ltr'><strong>ex</strong></span> <span class='ocrx_word' id='word_1_67' title='bbox 809 1331 912 1393; x_wconf 84' lang='lat' dir='ltr'><strong>forma</strong></span> <span class='ocrx_word' id='word_1_68' title='bbox 931 1331 1099 1401; x_wconf 84' lang='lat' dir='ltr'><strong>soliorum,</strong></span> <span class='ocrx_word' id='word_1_69' title='bbox 1123 1329 1196 1388; x_wconf 85' lang='lat' dir='ltr'><strong>lon-</strong></span> 
     </span>
     <span class='ocr_line' id='line_1_13' title="bbox 128 1414 1195 1503; baseline -0.006 -22"><span class='ocrx_word' id='word_1_70' title='bbox 128 1417 271 1503; x_wconf 86' lang='lat' dir='ltr'><strong>gitudine</strong></span> <span class='ocrx_word' id='word_1_71' title='bbox 292 1417 408 1501; x_wconf 85' lang='lat' dir='ltr'><strong>calycis</strong></span> <span class='ocrx_word' id='word_1_72' title='bbox 419 1419 587 1502; x_wconf 76' lang='lat' dir='ltr'><strong>formaque</strong></span> <span class='ocrx_word' id='word_1_73' title='bbox 600 1418 759 1492; x_wconf 81' lang='lat' dir='ltr'><strong>laborum,</strong></span> <span class='ocrx_word' id='word_1_74' title='bbox 780 1438 913 1481; x_wconf 87' lang='lat' dir='ltr'><strong>numero</strong></span> <span class='ocrx_word' id='word_1_75' title='bbox 937 1414 1028 1491; x_wconf 80' lang='lat' dir='ltr'><strong>ssoris</strong></span> <span class='ocrx_word' id='word_1_76' title='bbox 1053 1415 1195 1498; x_wconf 83' lang='lat' dir='ltr'><strong>partium</strong></span> 
     </span>
     <span class='ocr_line' id='line_1_14' title="bbox 124 1503 1195 1583; baseline -0.004 -17"><span class='ocrx_word' id='word_1_77' title='bbox 124 1507 145 1566; x_wconf 95' lang='lat' dir='ltr'><strong>l.</strong></span> <span class='ocrx_word' id='word_1_78' title='bbox 175 1512 194 1573; x_wconf 85' lang='lat'>5</span> <span class='ocrx_word' id='word_1_79' title='bbox 219 1505 240 1569; x_wconf 89' lang='lat' dir='ltr'><strong>l.</strong></span> <span class='ocrx_word' id='word_1_80' title='bbox 259 1507 385 1580; x_wconf 65' lang='lat' dir='ltr'><strong>sinaris,</strong></span> <span class='ocrx_word' id='word_1_81' title='bbox 410 1503 648 1568; x_wconf 89' lang='lat' dir='ltr'><strong>ramifieationis</strong></span> <span class='ocrx_word' id='word_1_82' title='bbox 673 1504 800 1579; x_wconf 83' lang='lat' dir='ltr'><strong>indole,</strong></span> <span class='ocrx_word' id='word_1_83' title='bbox 832 1503 1069 1583; x_wconf 82' lang='lat' dir='ltr'><strong>inflorescentia</strong></span> <span class='ocrx_word' id='word_1_84' title='bbox 1095 1522 1195 1583; x_wconf 45' lang='lat' dir='ltr'><strong>apa„</strong></span> 
     </span>
     <span class='ocr_line' id='line_1_15' title="bbox 124 1589 1194 1668; baseline -0.005 -15"><span class='ocrx_word' id='word_1_85' title='bbox 124 1593 263 1658; x_wconf 83' lang='lat' dir='ltr'><strong>nicutata</strong></span> <span class='ocrx_word' id='word_1_86' title='bbox 291 1591 329 1653; x_wconf 81' lang='lat' dir='ltr'><strong>ad</strong></span> <span class='ocrx_word' id='word_1_87' title='bbox 367 1589 533 1655; x_wconf 89' lang='lat' dir='ltr'><strong>unifloram</strong></span> <span class='ocrx_word' id='word_1_88' title='bbox 573 1607 604 1655; x_wconf 91' lang='lat' dir='ltr'><strong>et</strong></span> <span class='ocrx_word' id='word_1_89' title='bbox 639 1592 879 1668; x_wconf 82' lang='lat' dir='ltr'><strong>subaxiliarem,</strong></span> <span class='ocrx_word' id='word_1_90' title='bbox 920 1593 1014 1653; x_wconf 90' lang='lat' dir='ltr'><strong>etiam</strong></span> <span class='ocrx_word' id='word_1_91' title='bbox 1049 1589 1194 1651; x_wconf 80' lang='lat' dir='ltr'><strong>corollae</strong></span> 
     </span>
     <span class='ocr_line' id='line_1_16' title="bbox 125 1673 1195 1743; baseline -0.006 -3"><span class='ocrx_word' id='word_1_92' title='bbox 125 1682 234 1742; x_wconf 87' lang='lat' dir='ltr'><strong>colore</strong></span> <span class='ocrx_word' id='word_1_93' title='bbox 254 1678 329 1740; x_wconf 89' lang='lat' dir='ltr'><strong>hinc</strong></span> <span class='ocrx_word' id='word_1_94' title='bbox 354 1679 470 1741; x_wconf 82' lang='lat' dir='ltr'><strong>albido.</strong></span> <span class='ocrx_word' id='word_1_95' title='bbox 515 1679 621 1741; x_wconf 81' lang='lat' dir='ltr'><strong>Gauiis</strong></span> <span class='ocrx_word' id='word_1_96' title='bbox 638 1679 722 1741; x_wconf 91' lang='lat' dir='ltr'><strong>hinc</strong></span> <span class='ocrx_word' id='word_1_97' title='bbox 735 1679 803 1741; x_wconf 84' lang='lat' dir='ltr'><strong>basi</strong></span> <span class='ocrx_word' id='word_1_98' title='bbox 817 1679 961 1743; x_wconf 87' lang='lat' dir='ltr'><strong>surculos</strong></span> <span class='ocrx_word' id='word_1_99' title='bbox 974 1673 1195 1739; x_wconf 88' lang='lat' dir='ltr'><strong>subunissoros</strong></span> 
     </span>
     <span class='ocr_line' id='line_1_17' title="bbox 124 1763 1194 1847; baseline -0.006 -20"><span class='ocrx_word' id='word_1_100' title='bbox 124 1766 411 1828; x_wconf 81' lang='lat' dir='ltr'><strong>subdecumbent&#39;es</strong></span> <span class='ocrx_word' id='word_1_101' title='bbox 445 1766 560 1828; x_wconf 85' lang='lat' dir='ltr'><strong>emittit</strong></span> <span class='ocrx_word' id='word_1_102' title='bbox 589 1767 736 1847; x_wconf 85' lang='lat' dir='ltr'><strong>(Scotia).</strong></span> <span class='ocrx_word' id='word_1_103' title='bbox 759 1803 802 1816; x_wconf 89' lang='lat'>-</span> <span class='ocrx_word' id='word_1_104' title='bbox 847 1767 952 1828; x_wconf 79' lang='lat' dir='ltr'><strong>Cauiis</strong></span> <span class='ocrx_word' id='word_1_105' title='bbox 984 1763 1194 1824; x_wconf 88' lang='lat' dir='ltr'><strong>nudiusculus</strong></span> 
     </span>
     <span class='ocr_line' id='line_1_18' title="bbox 125 1851 1195 1935; baseline -0.005 -22"><span class='ocrx_word' id='word_1_106' title='bbox 125 1853 215 1935; x_wconf 89' lang='lat' dir='ltr'><strong>apice</strong></span> <span class='ocrx_word' id='word_1_107' title='bbox 241 1866 376 1928; x_wconf 84' lang='lat' dir='ltr'><strong>nutans,</strong></span> <span class='ocrx_word' id='word_1_108' title='bbox 407 1851 496 1914; x_wconf 82' lang='lat' dir='ltr'><strong>foliis</strong></span> <span class='ocrx_word' id='word_1_109' title='bbox 519 1854 573 1916; x_wconf 83' lang='lat' dir='ltr'><strong>rix</strong></span> <span class='ocrx_word' id='word_1_110' title='bbox 601 1852 856 1915; x_wconf 85' lang='lat' dir='ltr'><strong>semiuncialibus</strong></span> <span class='ocrx_word' id='word_1_111' title='bbox 884 1851 1108 1915; x_wconf 86' lang='lat' dir='ltr'><strong>obtusiusculis</strong></span> <span class='ocrx_word' id='word_1_112' title='bbox 1134 1871 1195 1911; x_wconf 87' lang='lat' dir='ltr'><strong>an-</strong></span> 
     </span>
     <span class='ocr_line' id='line_1_19' title="bbox 124 1937 1194 2024; baseline -0.003 -25"><span class='ocrx_word' id='word_1_113' title='bbox 124 1940 241 2022; x_wconf 90' lang='lat' dir='ltr'><strong>gustis;</strong></span> <span class='ocrx_word' id='word_1_114' title='bbox 287 1940 385 2024; x_wconf 81' lang='lat' dir='ltr'><strong>cymis</strong></span> <span class='ocrx_word' id='word_1_115' title='bbox 426 1938 607 2003; x_wconf 81' lang='lat' dir='ltr'><strong>axillaribus</strong></span> <span class='ocrx_word' id='word_1_116' title='bbox 649 1937 835 2023; x_wconf 84' lang='lat' dir='ltr'><strong>paucissoris</strong></span> <span class='ocrx_word' id='word_1_117' title='bbox 867 1940 977 2002; x_wconf 86' lang='lat' dir='ltr'><strong>stricte</strong></span> <span class='ocrx_word' id='word_1_118' title='bbox 1008 1937 1194 2021; x_wconf 86' lang='lat' dir='ltr'><strong>patentibus</strong></span> 
     </span>
     <span class='ocr_line' id='line_1_20' title="bbox 124 2025 1194 2110; baseline -0.003 -22"><span class='ocrx_word' id='word_1_119' title='bbox 124 2026 295 2108; x_wconf 77' lang='lat' dir='ltr'><strong>(Lepidosa</strong></span> <span class='ocrx_word' id='word_1_120' title='bbox 320 2047 387 2110; x_wconf 86' lang='lat' dir='ltr'><strong>reg.</strong></span> <span class='ocrx_word' id='word_1_121' title='bbox 410 2028 630 2108; x_wconf 87' lang='lat' dir='ltr'><strong>Baicalcnsis).</strong></span> <span class='ocrx_word' id='word_1_122' title='bbox 648 2066 691 2079; x_wconf 91' lang='lat'><strong>--</strong></span> <span class='ocrx_word' id='word_1_123' title='bbox 718 2031 868 2093; x_wconf 86' lang='lat' dir='ltr'><strong>Ceterum</strong></span> <span class='ocrx_word' id='word_1_124' title='bbox 890 2028 943 2090; x_wconf 86' lang='lat' dir='ltr'><strong>vix</strong></span> <span class='ocrx_word' id='word_1_125' title='bbox 966 2026 1082 2088; x_wconf 85' lang='lat' dir='ltr'><strong>limites</strong></span> <span class='ocrx_word' id='word_1_126' title='bbox 1104 2025 1194 2085; x_wconf 91' lang='lat' dir='ltr'><strong>inter</strong></span> 
     </span>
     <span class='ocr_line' id='line_1_21' title="bbox 124 2115 789 2197; baseline -0.003 -22"><span class='ocrx_word' id='word_1_127' title='bbox 124 2115 312 2177; x_wconf 79' lang='lat' dir='ltr'><strong>uarietates:</strong></span> <span class='ocrx_word' id='word_1_128' title='bbox 335 2122 359 2197; x_wconf 78' lang='grc' dir='ltr'>β</span> <span class='ocrx_word' id='word_1_129' title='bbox 383 2129 486 2174; x_wconf 87' lang='lat' dir='ltr'><strong>tamen</strong></span> <span class='ocrx_word' id='word_1_130' title='bbox 510 2116 610 2194; x_wconf 89' lang='lat' dir='ltr'><strong>magis</strong></span> <span class='ocrx_word' id='word_1_131' title='bbox 632 2127 789 2176; x_wconf 90' lang='lat' dir='ltr'><strong>constans.</strong></span> 
     </span>
    </p>

    <p class='ocr_par' dir='ltr' id='par_1_4' title="bbox 118 2197 1270 3677">
     <span class='ocr_line' id='line_1_22' title="bbox 210 2197 1192 2284; baseline -0.005 -21"><span class='ocrx_word' id='word_1_132' title='bbox 210 2200 301 2263; x_wconf 88' lang='lat' dir='ltr'><strong>Obs.</strong></span> <span class='ocrx_word' id='word_1_133' title='bbox 359 2201 522 2262; x_wconf 82' lang='lat' dir='ltr'><strong>Historiae</strong></span> <span class='ocrx_word' id='word_1_134' title='bbox 558 2201 650 2284; x_wconf 82' lang='lat' dir='ltr'><strong>hujus</strong></span> <span class='ocrx_word' id='word_1_135' title='bbox 685 2202 812 2284; x_wconf 79' lang='lat' dir='ltr'><strong>stirpis,</strong></span> <span class='ocrx_word' id='word_1_136' title='bbox 854 2201 944 2282; x_wconf 84' lang='lat' dir='ltr'><strong>cujus</strong></span> <span class='ocrx_word' id='word_1_137' title='bbox 978 2197 1192 2284; x_wconf 78' lang='lat' dir='ltr'><strong>synonymiam</strong></span> 
     </span>
     <span class='ocr_line' id='line_1_23' title="bbox 125 2285 1194 2372; baseline -0.004 -24"><span class='ocrx_word' id='word_1_138' title='bbox 125 2287 164 2348; x_wconf 83' lang='lat' dir='ltr'><strong>ci.</strong></span> <span class='ocrx_word' id='word_1_139' title='bbox 189 2285 414 2351; x_wconf 87' lang='lat' dir='ltr'><strong>Reiehcnbach</strong></span> <span class='ocrx_word' id='word_1_140' title='bbox 439 2287 587 2372; x_wconf 86' lang='lat' dir='ltr'><strong>inprimis</strong></span> <span class='ocrx_word' id='word_1_141' title='bbox 606 2288 689 2350; x_wconf 92' lang='lat' dir='ltr'><strong>bene</strong></span> <span class='ocrx_word' id='word_1_142' title='bbox 714 2289 943 2371; x_wconf 87' lang='lat' dir='ltr'><strong>interpretatus</strong></span> <span class='ocrx_word' id='word_1_143' title='bbox 969 2301 1027 2363; x_wconf 87' lang='lat' dir='ltr'><strong>est,</strong></span> <span class='ocrx_word' id='word_1_144' title='bbox 1056 2305 1194 2368; x_wconf 89' lang='lat' dir='ltr'><strong>sequen-</strong></span> 
     </span>
     <span class='ocr_line' id='line_1_24' title="bbox 124 2373 1194 2458; baseline -0.005 -22"><span class='ocrx_word' id='word_1_145' title='bbox 124 2377 169 2436; x_wconf 88' lang='lat' dir='ltr'><strong>tia</strong></span> <span class='ocrx_word' id='word_1_146' title='bbox 201 2375 375 2437; x_wconf 79' lang='lat' dir='ltr'><strong>inservient</strong></span> <span class='ocrx_word' id='word_1_147' title='bbox 409 2374 448 2436; x_wconf 85' lang='lat' dir='ltr'><strong>ad</strong></span> <span class='ocrx_word' id='word_1_148' title='bbox 482 2375 715 2458; x_wconf 85' lang='lat' dir='ltr'><strong>cognitionem3</strong></span> <span class='ocrx_word' id='word_1_149' title='bbox 751 2377 789 2436; x_wconf 90' lang='lat' dir='ltr'><strong>G.</strong></span> <span class='ocrx_word' id='word_1_150' title='bbox 815 2375 972 2457; x_wconf 16' lang='lat' dir='ltr'><strong>Amaretlla</strong></span> <span class='ocrx_word' id='word_1_151' title='bbox 1010 2375 1042 2434; x_wconf 93' lang='lat' dir='ltr'><strong>in</strong></span> <span class='ocrx_word' id='word_1_152' title='bbox 1076 2373 1194 2447; x_wconf 69' lang='lat' dir='ltr'><strong>Suesia</strong></span> 
     </span>
     <span class='ocr_line' id='line_1_25' title="bbox 125 2453 1193 2547; baseline -0.006 -23"><span class='ocrx_word' id='word_1_153' title='bbox 125 2461 463 2547; x_wconf 77' lang='lat' dir='ltr'><strong>multosrequentior,</strong></span> <span class='ocrx_word' id='word_1_154' title='bbox 495 2484 587 2546; x_wconf 87' lang='lat' dir='ltr'><strong>quam</strong></span> <span class='ocrx_word' id='word_1_155' title='bbox 609 2465 648 2526; x_wconf 99' lang='lat' dir='ltr'><strong>G.</strong></span> <span class='ocrx_word' id='word_1_156' title='bbox 673 2453 870 2547; x_wconf 77' lang='lat' dir='ltr'><strong>germanica,</strong></span> <span class='ocrx_word' id='word_1_157' title='bbox 902 2463 928 2522; x_wconf 89' lang='lat' dir='ltr'><strong>si</strong></span> <span class='ocrx_word' id='word_1_158' title='bbox 953 2460 1080 2546; x_wconf 85' lang='lat' dir='ltr'><strong>quidem</strong></span> <span class='ocrx_word' id='word_1_159' title='bbox 1111 2459 1193 2519; x_wconf 91' lang='lat' dir='ltr'><strong>haee</strong></span> 
     </span>
     <span class='ocr_line' id='line_1_26' title="bbox 125 2544 1193 2634; baseline -0.006 -23"><span class='ocrx_word' id='word_1_160' title='bbox 125 2570 238 2617; x_wconf 74' lang='lat' dir='ltr'><strong>revera</strong></span> <span class='ocrx_word' id='word_1_161' title='bbox 253 2548 296 2615; x_wconf 81' lang='lat' dir='ltr'><strong>iu.</strong></span> <span class='ocrx_word' id='word_1_162' title='bbox 312 2548 426 2615; x_wconf 80' lang='lat' dir='ltr'><strong>Suesia</strong></span> <span class='ocrx_word' id='word_1_163' title='bbox 445 2549 705 2634; x_wconf 59' lang='lat' dir='ltr'><strong>occursit,2qund</strong></span> <span class='ocrx_word' id='word_1_164' title='bbox 720 2548 818 2612; x_wconf 68' lang='lat' dir='ltr'><strong>ualde</strong></span> <span class='ocrx_word' id='word_1_165' title='bbox 841 2549 942 2612; x_wconf 86' lang='lat' dir='ltr'><strong>adhue</strong></span> <span class='ocrx_word' id='word_1_166' title='bbox 965 2549 1090 2626; x_wconf 83' lang='lat' dir='ltr'><strong>dnbit03</strong></span> <span class='ocrx_word' id='word_1_167' title='bbox 1113 2544 1193 2609; x_wconf 69' lang='lat' dir='ltr'><strong>Lis.</strong></span> 
     </span>
     <span class='ocr_line' id='line_1_27' title="bbox 124 2631 1256 2718; baseline -0.004 -21"><span class='ocrx_word' id='word_1_168' title='bbox 124 2657 205 2699; x_wconf 82' lang='lat' dir='ltr'><strong>naec</strong></span> <span class='ocrx_word' id='word_1_169' title='bbox 220 2635 309 2701; x_wconf 77' lang='lat' dir='ltr'><strong>,haec</strong></span> <span class='ocrx_word' id='word_1_170' title='bbox 334 2634 512 2701; x_wconf 83' lang='lat' dir='ltr'><strong>haudnota</strong></span> <span class='ocrx_word' id='word_1_171' title='bbox 533 2651 585 2698; x_wconf 91' lang='lat' dir='ltr'><strong>aut</strong></span> <span class='ocrx_word' id='word_1_172' title='bbox 610 2658 676 2697; x_wconf 88' lang='lat' dir='ltr'><strong>non</strong></span> <span class='ocrx_word' id='word_1_173' title='bbox 702 2635 868 2712; x_wconf 81' lang='lat' dir='ltr'><strong>distincta,</strong></span> <span class='ocrx_word' id='word_1_174' title='bbox 893 2636 947 2697; x_wconf 84' lang='lat' dir='ltr'><strong>illa</strong></span> <span class='ocrx_word' id='word_1_175' title='bbox 972 2655 1051 2697; x_wconf 77' lang='lat' dir='ltr'><strong>vero</strong></span> <span class='ocrx_word' id='word_1_176' title='bbox 1070 2631 1194 2718; x_wconf 87' lang='lat' dir='ltr'><strong>ubique</strong></span> <span class='ocrx_word' id='word_1_177' title='bbox 1250 2678 1256 2685; x_wconf 87' lang='lat'><strong>.</strong></span> 
     </span>
     <span class='ocr_line' id='line_1_28' title="bbox 126 2720 1193 2807; baseline -0.003 -23"><span class='ocrx_word' id='word_1_178' title='bbox 126 2723 235 2801; x_wconf 80' lang='lat' dir='ltr'><strong>obvia3</strong></span> <span class='ocrx_word' id='word_1_179' title='bbox 269 2720 445 2784; x_wconf 81' lang='lat' dir='ltr'><strong>Ehrhartirs</strong></span> <span class='ocrx_word' id='word_1_180' title='bbox 475 2744 600 2807; x_wconf 91' lang='lat' dir='ltr'><strong>quoque</strong></span> <span class='ocrx_word' id='word_1_181' title='bbox 633 2725 671 2785; x_wconf 88' lang='lat' dir='ltr'><strong>G.</strong></span> <span class='ocrx_word' id='word_1_182' title='bbox 706 2724 896 2785; x_wconf 87' lang='lat' dir='ltr'><strong>Amarellam</strong></span> <span class='ocrx_word' id='word_1_183' title='bbox 936 2742 1006 2784; x_wconf 91' lang='lat' dir='ltr'><strong>cum</strong></span> <span class='ocrx_word' id='word_1_184' title='bbox 1047 2722 1193 2782; x_wconf 85' lang='lat' dir='ltr'><strong>Linnseo</strong></span> 
     </span>
     <span class='ocr_line' id='line_1_29' title="bbox 126 2807 1193 2895; baseline -0.004 -26"><span class='ocrx_word' id='word_1_185' title='bbox 126 2809 263 2893; x_wconf 81' lang='lat' dir='ltr'><strong>legerat,</strong></span> <span class='ocrx_word' id='word_1_186' title='bbox 298 2809 339 2870; x_wconf 90' lang='lat' dir='ltr'><strong>ita</strong></span> <span class='ocrx_word' id='word_1_187' title='bbox 373 2823 407 2870; x_wconf 91' lang='lat' dir='ltr'><strong>ut</strong></span> <span class='ocrx_word' id='word_1_188' title='bbox 438 2811 640 2872; x_wconf 85' lang='lat' dir='ltr'><strong>Hanoveram</strong></span> <span class='ocrx_word' id='word_1_189' title='bbox 665 2830 834 2887; x_wconf 85' lang='lat' dir='ltr'><strong>reversus,</strong></span> <span class='ocrx_word' id='word_1_190' title='bbox 866 2832 962 2895; x_wconf 86' lang='lat' dir='ltr'><strong>quum</strong></span> <span class='ocrx_word' id='word_1_191' title='bbox 988 2809 1125 2892; x_wconf 89' lang='lat' dir='ltr'><strong>primum</strong></span> <span class='ocrx_word' id='word_1_192' title='bbox 1150 2807 1193 2867; x_wconf 89' lang='lat' dir='ltr'><strong>G.</strong></span> 
     </span>
     <span class='ocr_line' id='line_1_30' title="bbox 127 2893 1194 2986; baseline -0.004 -29"><span class='ocrx_word' id='word_1_193' title='bbox 127 2896 338 2978; x_wconf 81' lang='lat' dir='ltr'><strong>germanicam</strong></span> <span class='ocrx_word' id='word_1_194' title='bbox 368 2896 516 2972; x_wconf 86' lang='lat' dir='ltr'><strong>vidisset,</strong></span> <span class='ocrx_word' id='word_1_195' title='bbox 547 2899 629 2960; x_wconf 88' lang='lat' dir='ltr'><strong>hanc</strong></span> <span class='ocrx_word' id='word_1_196' title='bbox 659 2898 697 2959; x_wconf 87' lang='lat' dir='ltr'><strong>G.</strong></span> <span class='ocrx_word' id='word_1_197' title='bbox 734 2898 874 2960; x_wconf 85' lang='lat' dir='ltr'><strong>criticam</strong></span> <span class='ocrx_word' id='word_1_198' title='bbox 901 2909 1039 2959; x_wconf 79' lang='lat' dir='ltr'><strong>vocaret.</strong></span> <span class='ocrx_word' id='word_1_199' title='bbox 1094 2893 1194 2986; x_wconf 81' lang='lat' dir='ltr'><strong>Quod</strong></span> 
     </span>
     <span class='ocr_line' id='line_1_31' title="bbox 125 2983 1192 3068; baseline -0.003 -26"><span class='ocrx_word' id='word_1_200' title='bbox 125 3005 242 3046; x_wconf 89' lang='lat' dir='ltr'><strong>nomen</strong></span> <span class='ocrx_word' id='word_1_201' title='bbox 262 2983 515 3068; x_wconf 88' lang='lat' dir='ltr'><strong>antiquissimum</strong></span> <span class='ocrx_word' id='word_1_202' title='bbox 534 2984 807 3050; x_wconf 86' lang='lat' dir='ltr'><strong>Willdenowiano</strong></span> <span class='ocrx_word' id='word_1_203' title='bbox 829 2983 1070 3046; x_wconf 79' lang='lat' dir='ltr'><strong>subtituendum</strong></span> <span class='ocrx_word' id='word_1_204' title='bbox 1092 2993 1192 3052; x_wconf 87' lang='lat' dir='ltr'><strong>esset,</strong></span> 
     </span>
     <span class='ocr_line' id='line_1_32' title="bbox 118 3071 1193 3154; baseline -0.002 -24"><span class='ocrx_word' id='word_1_205' title='bbox 118 3072 190 3131; x_wconf 80' lang='lat' dir='ltr'><strong>,nisi</strong></span> <span class='ocrx_word' id='word_1_206' title='bbox 222 3071 397 3154; x_wconf 90' lang='lat' dir='ltr'><strong>specimina</strong></span> <span class='ocrx_word' id='word_1_207' title='bbox 431 3072 642 3134; x_wconf 86' lang='lat' dir='ltr'><strong>Ehrhartiana</strong></span> <span class='ocrx_word' id='word_1_208' title='bbox 672 3073 806 3134; x_wconf 80' lang='lat' dir='ltr'><strong>formam</strong></span> <span class='ocrx_word' id='word_1_209' title='bbox 839 3073 994 3133; x_wconf 89' lang='lat' dir='ltr'><strong>rariorem</strong></span> <span class='ocrx_word' id='word_1_210' title='bbox 1021 3072 1193 3140; x_wconf 89' lang='lat' dir='ltr'><strong>minorem,</strong></span> 
     </span>
     <span class='ocr_line' id='line_1_33' title="bbox 126 3157 1195 3242; baseline -0.004 -22"><span class='ocrx_word' id='word_1_211' title='bbox 126 3157 236 3220; x_wconf 83' lang='lat' dir='ltr'><strong>orario</strong></span> <span class='ocrx_word' id='word_1_212' title='bbox 262 3171 367 3219; x_wconf 89' lang='lat' dir='ltr'><strong>tamen</strong></span> <span class='ocrx_word' id='word_1_213' title='bbox 391 3158 555 3240; x_wconf 84' lang='lat' dir='ltr'><strong>stipidato,</strong></span> <span class='ocrx_word' id='word_1_214' title='bbox 583 3160 792 3242; x_wconf 80' lang='lat' dir='ltr'><strong>praeberent3</strong></span> <span class='ocrx_word' id='word_1_215' title='bbox 821 3160 889 3242; x_wconf 90' lang='lat' dir='ltr'><strong>ejus</strong></span> <span class='ocrx_word' id='word_1_216' title='bbox 914 3157 1086 3241; x_wconf 85' lang='lat' dir='ltr'><strong>specimina</strong></span> <span class='ocrx_word' id='word_1_217' title='bbox 1118 3169 1195 3216; x_wconf 87' lang='lat' dir='ltr'><strong>sunt</strong></span> 
     </span>
     <span class='ocr_line' id='line_1_34' title="bbox 126 3244 1195 3333; baseline -0.004 -27"><span class='ocrx_word' id='word_1_218' title='bbox 126 3244 279 3308; x_wconf 90' lang='lat' dir='ltr'><strong>identiea!</strong></span> <span class='ocrx_word' id='word_1_219' title='bbox 303 3265 374 3305; x_wconf 92' lang='lat' dir='ltr'><strong>cum</strong></span> <span class='ocrx_word' id='word_1_220' title='bbox 399 3246 524 3307; x_wconf 87' lang='lat' dir='ltr'><strong>Smithii</strong></span> <span class='ocrx_word' id='word_1_221' title='bbox 548 3247 640 3309; x_wconf 90' lang='lat' dir='ltr'><strong>icone</strong></span> <span class='ocrx_word' id='word_1_222' title='bbox 660 3249 753 3333; x_wconf 85' lang='lat' dir='ltr'><strong>Engi.</strong></span> <span class='ocrx_word' id='word_1_223' title='bbox 778 3251 848 3309; x_wconf 89' lang='lat' dir='ltr'><strong>Bot.</strong></span> <span class='ocrx_word' id='word_1_224' title='bbox 871 3251 951 3319; x_wconf 76' lang='grc'><strong>236,</strong></span> <span class='ocrx_word' id='word_1_225' title='bbox 976 3264 1056 3328; x_wconf 88' lang='lat' dir='ltr'><strong>quac</strong></span> <span class='ocrx_word' id='word_1_226' title='bbox 1078 3262 1195 3303; x_wconf 88' lang='lat' dir='ltr'><strong>errore</strong></span> 
     </span>
     <span class='ocr_line' id='line_1_35' title="bbox 127 3331 1194 3416; baseline -0.007 -21"><span class='ocrx_word' id='word_1_227' title='bbox 127 3331 254 3395; x_wconf 85' lang='lat' dir='ltr'><strong>Smithii</strong></span> <span class='ocrx_word' id='word_1_228' title='bbox 284 3353 343 3413; x_wconf 88' lang='lat' dir='ltr'><strong>pro</strong></span> <span class='ocrx_word' id='word_1_229' title='bbox 370 3332 408 3392; x_wconf 91' lang='lat' dir='ltr'><strong>G.</strong></span> <span class='ocrx_word' id='word_1_230' title='bbox 435 3334 590 3396; x_wconf 79' lang='lat' dir='ltr'><strong>Amarella</strong></span> <span class='ocrx_word' id='word_1_231' title='bbox 613 3338 650 3396; x_wconf 89' lang='lat' dir='ltr'><strong>L.</strong></span> <span class='ocrx_word' id='word_1_232' title='bbox 674 3334 766 3398; x_wconf 87' lang='lat' dir='ltr'><strong>herb.</strong></span> <span class='ocrx_word' id='word_1_233' title='bbox 786 3333 986 3416; x_wconf 85' lang='lat' dir='ltr'><strong>pronuntiata</strong></span> <span class='ocrx_word' id='word_1_234' title='bbox 1021 3349 1057 3391; x_wconf 88' lang='lat' dir='ltr'><strong>ac</strong></span> <span class='ocrx_word' id='word_1_235' title='bbox 1080 3343 1194 3389; x_wconf 81' lang='lat' dir='ltr'><strong>contra</strong></span> 
     </span>
     <span class='ocr_line' id='line_1_36' title="bbox 125 3416 1193 3495; baseline -0.005 -16"><span class='ocrx_word' id='word_1_236' title='bbox 125 3432 267 3480; x_wconf 89' lang='lat' dir='ltr'><strong>naturam</strong></span> <span class='ocrx_word' id='word_1_237' title='bbox 298 3418 407 3480; x_wconf 86' lang='lat' dir='ltr'><strong>orario</strong></span> <span class='ocrx_word' id='word_1_238' title='bbox 438 3420 542 3481; x_wconf 88' lang='lat' dir='ltr'><strong>sessili</strong></span> <span class='ocrx_word' id='word_1_239' title='bbox 571 3421 731 3483; x_wconf 85' lang='lat' dir='ltr'><strong>delineata</strong></span> <span class='ocrx_word' id='word_1_240' title='bbox 757 3436 823 3482; x_wconf 82' lang='lat' dir='ltr'><strong>est:</strong></span> <span class='ocrx_word' id='word_1_241' title='bbox 859 3435 906 3482; x_wconf 87' lang='lat' dir='ltr'><strong>est</strong></span> <span class='ocrx_word' id='word_1_242' title='bbox 932 3432 1035 3480; x_wconf 88' lang='lat' dir='ltr'><strong>autem</strong></span> <span class='ocrx_word' id='word_1_243' title='bbox 1056 3417 1125 3495; x_wconf 89' lang='lat' dir='ltr'><strong>ipsa</strong></span> <span class='ocrx_word' id='word_1_244' title='bbox 1150 3416 1193 3476; x_wconf 90' lang='lat' dir='ltr'><strong>G.</strong></span> 
     </span>
     <span class='ocr_line' id='line_1_37' title="bbox 126 3504 1195 3590; baseline -0.003 -24"><span class='ocrx_word' id='word_1_245' title='bbox 126 3506 314 3590; x_wconf 88' lang='lat' dir='ltr'><strong>germanica.</strong></span> <span class='ocrx_word' id='word_1_246' title='bbox 359 3505 481 3568; x_wconf 89' lang='lat' dir='ltr'><strong>Dicson</strong></span> <span class='ocrx_word' id='word_1_247' title='bbox 499 3520 617 3580; x_wconf 86' lang='lat' dir='ltr'><strong>autem,</strong></span> <span class='ocrx_word' id='word_1_248' title='bbox 645 3511 703 3570; x_wconf 88' lang='lat' dir='ltr'><strong>hac</strong></span> <span class='ocrx_word' id='word_1_249' title='bbox 726 3511 758 3568; x_wconf 95' lang='lat' dir='ltr'><strong>in</strong></span> <span class='ocrx_word' id='word_1_250' title='bbox 780 3529 817 3570; x_wconf 89' lang='lat' dir='ltr'><strong>re</strong></span> <span class='ocrx_word' id='word_1_251' title='bbox 836 3509 1031 3576; x_wconf 86' lang='lat' dir='ltr'><strong>accuratior,</strong></span> <span class='ocrx_word' id='word_1_252' title='bbox 1058 3504 1096 3564; x_wconf 88' lang='lat' dir='ltr'><strong>G.</strong></span> <span class='ocrx_word' id='word_1_253' title='bbox 1119 3523 1195 3582; x_wconf 88' lang='lat' dir='ltr'><strong>pra-</strong></span> 
     </span>
     <span class='ocr_line' id='line_1_38' title="bbox 126 3593 1270 3677; baseline -0.006 -22"><span class='ocrx_word' id='word_1_254' title='bbox 126 3607 249 3655; x_wconf 86' lang='lat' dir='ltr'><strong>tentem</strong></span> <span class='ocrx_word' id='word_1_255' title='bbox 280 3595 335 3654; x_wconf 87' lang='lat' dir='ltr'><strong>Fr.</strong></span> <span class='ocrx_word' id='word_1_256' title='bbox 361 3594 394 3653; x_wconf 91' lang='lat' dir='ltr'><strong>in</strong></span> <span class='ocrx_word' id='word_1_257' title='bbox 416 3593 567 3655; x_wconf 88' lang='lat' dir='ltr'><strong>herbario</strong></span> <span class='ocrx_word' id='word_1_258' title='bbox 594 3595 685 3657; x_wconf 87' lang='lat' dir='ltr'><strong>Linn.</strong></span> <span class='ocrx_word' id='word_1_259' title='bbox 714 3610 749 3657; x_wconf 91' lang='lat' dir='ltr'><strong>ut</strong></span> <span class='ocrx_word' id='word_1_260' title='bbox 771 3596 808 3657; x_wconf 91' lang='lat' dir='ltr'><strong>G.</strong></span> <span class='ocrx_word' id='word_1_261' title='bbox 836 3593 1025 3677; x_wconf 81' lang='lat' dir='ltr'><strong>Amarellam</strong></span> <span class='ocrx_word' id='word_1_262' title='bbox 1054 3603 1193 3662; x_wconf 83' lang='lat' dir='ltr'><strong>exstare,</strong></span> <span class='ocrx_word' id='word_1_263' title='bbox 1264 3630 1270 3636; x_wconf 90' lang='lat'>-</span> 
     </span>
    </p>
   </div>
   <div class='ocr_carea' id='block_1_2' title="bbox 27 3676 1195 4289">
    <p class='ocr_par' dir='ltr' id='par_1_5' title="bbox 27 3676 1195 4289">
     <span class='ocr_line' id='line_1_39' title="bbox 125 3676 1195 3764; baseline -0.008 -19"><span class='ocrx_word' id='word_1_264' title='bbox 125 3676 290 3763; x_wconf 76' lang='lat' dir='ltr'><strong>probarit,</strong></span> <span class='ocrx_word' id='word_1_265' title='bbox 321 3701 357 3741; x_wconf 88' lang='lat' dir='ltr'><strong>ac</strong></span> <span class='ocrx_word' id='word_1_266' title='bbox 388 3676 459 3764; x_wconf 83' lang='lat' dir='ltr'><strong>ipse</strong></span> <span class='ocrx_word' id='word_1_267' title='bbox 481 3679 655 3753; x_wconf 80' lang='lat' dir='ltr'><strong>smithius,</strong></span> <span class='ocrx_word' id='word_1_268' title='bbox 685 3682 806 3749; x_wconf 87' lang='lat' dir='ltr'><strong>erroris</strong></span> <span class='ocrx_word' id='word_1_269' title='bbox 843 3684 898 3743; x_wconf 89' lang='lat' dir='ltr'><strong>sui&#39;</strong></span> <span class='ocrx_word' id='word_1_270' title='bbox 914 3680 1038 3742; x_wconf 88' lang='lat' dir='ltr'><strong>demum</strong></span> <span class='ocrx_word' id='word_1_271' title='bbox 1071 3678 1195 3738; x_wconf 89' lang='lat' dir='ltr'><strong>certior</strong></span> 
     </span>
     <span class='ocr_line' id='line_1_40' title="bbox 126 3762 1193 3849; baseline -0.006 -21"><span class='ocrx_word' id='word_1_272' title='bbox 126 3762 245 3841; x_wconf 81' lang='lat' dir='ltr'><strong>factus,</strong></span> <span class='ocrx_word' id='word_1_273' title='bbox 278 3765 309 3825; x_wconf 91' lang='lat' dir='ltr'><strong>in</strong></span> <span class='ocrx_word' id='word_1_274' title='bbox 344 3766 461 3828; x_wconf 86' lang='lat' dir='ltr'><strong>litteris</strong></span> <span class='ocrx_word' id='word_1_275' title='bbox 494 3768 532 3829; x_wconf 85' lang='lat' dir='ltr'><strong>ad</strong></span> <span class='ocrx_word' id='word_1_276' title='bbox 557 3768 733 3831; x_wconf 86' lang='lat' dir='ltr'><strong>Panzerum</strong></span> <span class='ocrx_word' id='word_1_277' title='bbox 762 3792 788 3830; x_wconf 90' lang='lat' dir='ltr'><strong>a.</strong></span> <span class='ocrx_word' id='word_1_278' title='bbox 812 3775 897 3837; x_wconf 76' lang='lat'><strong>1822</strong></span> <span class='ocrx_word' id='word_1_279' title='bbox 926 3766 1053 3849; x_wconf 77' lang='lat' dir='ltr'><strong>seriptis</strong></span> <span class='ocrx_word' id='word_1_280' title='bbox 1079 3763 1193 3845; x_wconf 74' lang='lat' dir='ltr'><strong>(Flora</strong></span> 
     </span>
     <span class='ocr_line' id='line_1_41' title="bbox 126 3851 1192 3934; baseline -0.01 -14"><span class='ocrx_word' id='word_1_281' title='bbox 126 3860 221 3922; x_wconf 85' lang='lat'><strong>1830.</strong></span> <span class='ocrx_word' id='word_1_282' title='bbox 241 3874 270 3934; x_wconf 80' lang='lat' dir='ltr'><strong>p.</strong></span> <span class='ocrx_word' id='word_1_283' title='bbox 292 3856 370 3933; x_wconf 77' lang='lat'>529)</span> <span class='ocrx_word' id='word_1_284' title='bbox 397 3857 436 3916; x_wconf 84' lang='lat' dir='ltr'><strong>G.</strong></span> <span class='ocrx_word' id='word_1_285' title='bbox 467 3857 684 3919; x_wconf 86' lang='lat' dir='ltr'><strong>Germanicam</strong></span> <span class='ocrx_word' id='word_1_286' title='bbox 706 3881 722 3918; x_wconf 88' lang='lat' dir='ltr'><strong>a</strong></span> <span class='ocrx_word' id='word_1_287' title='bbox 744 3859 781 3919; x_wconf 90' lang='lat' dir='ltr'><strong>G.</strong></span> <span class='ocrx_word' id='word_1_288' title='bbox 801 3853 957 3915; x_wconf 83' lang='lat' dir='ltr'><strong>Amarelia</strong></span> <span class='ocrx_word' id='word_1_289' title='bbox 976 3856 1011 3913; x_wconf 86' lang='lat'><strong>1..</strong></span> <span class='ocrx_word' id='word_1_290' title='bbox 1031 3851 1192 3914; x_wconf 83' lang='lat' dir='ltr'><strong>diversam</strong></span> 
     </span>
     <span class='ocr_line' id='line_1_42' title="bbox 127 3938 1193 4026; baseline -0.005 -26"><span class='ocrx_word' id='word_1_291' title='bbox 127 3939 243 4002; x_wconf 89' lang='lat' dir='ltr'><strong>statuit.</strong></span> <span class='ocrx_word' id='word_1_292' title='bbox 279 3938 342 4001; x_wconf 67' lang='grc' dir='ltr'><strong>Ι(ΞΙ.</strong></span> <span class='ocrx_word' id='word_1_293' title='bbox 372 3942 503 4002; x_wconf 80' lang='lat' dir='ltr'><strong>Hoolter</strong></span> <span class='ocrx_word' id='word_1_294' title='bbox 529 3956 632 4003; x_wconf 83' lang='lat' dir='ltr'><strong>autern</strong></span> <span class='ocrx_word' id='word_1_295' title='bbox 661 3958 826 4026; x_wconf 88' lang='lat' dir='ltr'><strong>utramque</strong></span> <span class='ocrx_word' id='word_1_296' title='bbox 855 3942 995 4023; x_wconf 86' lang='lat' dir='ltr'><strong>speciem</strong></span> <span class='ocrx_word' id='word_1_297' title='bbox 1014 3938 1097 4000; x_wconf 87' lang='lat' dir='ltr'><strong>haud</strong></span> <span class='ocrx_word' id='word_1_298' title='bbox 1117 3938 1193 3998; x_wconf 90' lang='lat' dir='ltr'><strong>satis</strong></span> 
     </span>
     <span class='ocr_line' id='line_1_43' title="bbox 127 4026 1193 4113; baseline -0.005 -26"><span class='ocrx_word' id='word_1_299' title='bbox 127 4026 308 4092; x_wconf 86' lang='lat' dir='ltr'><strong>distinctam</strong></span> <span class='ocrx_word' id='word_1_300' title='bbox 330 4026 471 4107; x_wconf 87' lang='lat' dir='ltr'><strong>putabat,</strong></span> <span class='ocrx_word' id='word_1_301' title='bbox 502 4030 609 4113; x_wconf 86' lang='lat' dir='ltr'><strong>itaque</strong></span> <span class='ocrx_word' id='word_1_302' title='bbox 634 4031 748 4093; x_wconf 90' lang='lat' dir='ltr'><strong>iterum</strong></span> <span class='ocrx_word' id='word_1_303' title='bbox 779 4031 817 4091; x_wconf 91' lang='lat' dir='ltr'><strong>G.</strong></span> <span class='ocrx_word' id='word_1_304' title='bbox 840 4028 1038 4112; x_wconf 85' lang='lat' dir='ltr'><strong>germanicae</strong></span> <span class='ocrx_word' id='word_1_305' title='bbox 1065 4026 1193 4086; x_wconf 88' lang='lat' dir='ltr'><strong>iconem</strong></span> 
     </span>
     <span class='ocr_line' id='line_1_44' title="bbox 27 4110 1194 4201; baseline -0.005 -24"><span class='ocrx_word' id='word_1_306' title='bbox 27 4112 44 4190; x_wconf 54' lang='lat' dir='ltr'>J</span> <span class='ocrx_word' id='word_1_307' title='bbox 128 4110 167 4177; x_wconf 87' lang='lat' dir='ltr'><strong>G·</strong></span> <span class='ocrx_word' id='word_1_308' title='bbox 198 4113 378 4175; x_wconf 78' lang='lat' dir='ltr'><strong>&#39;Amarellac</strong></span> <span class='ocrx_word' id='word_1_309' title='bbox 410 4115 538 4178; x_wconf 87' lang='lat' dir='ltr'><strong>nomin&#39;e</strong></span> <span class='ocrx_word' id='word_1_310' title='bbox 569 4117 768 4201; x_wconf 88' lang='lat' dir='ltr'><strong>designabat:</strong></span> <span class='ocrx_word' id='word_1_311' title='bbox 811 4116 924 4201; x_wconf 86' lang='lat' dir='ltr'><strong>quibus</strong></span> <span class='ocrx_word' id='word_1_312' title='bbox 961 4111 1194 4198; x_wconf 88' lang='lat' dir='ltr'><strong>conjungendis</strong></span> 
     </span>
     <span class='ocr_line' id='line_1_45' title="bbox 129 4192 1194 4289; baseline 0.002 -28"><span class='ocrx_word' id='word_1_313' title='bbox 129 4196 182 4261; x_wconf 86' lang='lat' dir='ltr'><strong>alii</strong></span> <span class='ocrx_word' id='word_1_314' title='bbox 205 4196 331 4285; x_wconf 69' lang='lat' dir='ltr'><strong>guoque</strong></span> <span class='ocrx_word' id='word_1_315' title='bbox 353 4200 503 4277; x_wconf 85' lang='lat' dir='ltr'><strong>innuunt,</strong></span> <span class='ocrx_word' id='word_1_316' title='bbox 530 4223 591 4289; x_wconf 90' lang='lat' dir='ltr'><strong>ego</strong></span> <span class='ocrx_word' id='word_1_317' title='bbox 621 4192 823 4289; x_wconf 56' lang='lat' dir='ltr'><strong>non&#39;,-.quuttt</strong></span> <span class='ocrx_word' id='word_1_318' title='bbox 836 4223 910 4274; x_wconf 61' lang='grc' dir='ltr'><strong>πιθα</strong></span> <span class='ocrx_word' id='word_1_319' title='bbox 927 4205 1057 4273; x_wconf 76' lang='lat' dir='ltr'><strong>,formas</strong></span> <span class='ocrx_word' id='word_1_320' title='bbox 1079 4199 1194 4263; x_wconf 87' lang='lat' dir='ltr'><strong>transi-</strong></span> 
     </span>
    </p>
   </div>
   <div class='ocr_carea' id='block_1_3' title="bbox 0 0 1336 4746">
    <p class='ocr_par' dir='ltr' id='par_1_6' title="bbox 0 0 1336 4746">
     <span class='ocr_line' id='line_1_46' title="bbox 0 0 1336 4746; baseline 0 0"><span class='ocrx_word' id='word_1_321' title='bbox 0 0 1336 4746; x_wconf 95' lang='lat' dir='ltr'><strong> </strong></span> 
     </span>
    </p>
   </div>
  </div>
 </body>
</html>
