2664 4746
479 253 590 318 Patrio
607 251 879 335 *Gentioncorttm
975 313 979 319 .
1165 263 1208 328 57
1230 237 1232 241 .

144 414 260 477 merari
275 429 389 499 potest.
443 418 567 480 incluso
588 418 727 478 Caucaso
749 430 813 479 tota
834 414 913 478 flora
933 418 1081 498 Europae
1104 416 1206 500 alpina

144 511 185 568 32
206 507 329 585 species
349 505 501 585 praebet,
526 526 635 567 omnes
650 504 834 572 Swertieas,
860 519 989 587 excepta
1003 518 1121 564 tantam
1140 509 1207 566 Me-

144 590 313 672 nyantbide
328 592 495 654 trifoliata:
520 600 561 658 ‘28
577 592 759 662 Gentiana,
785 601 801 656 1
818 593 1049 674 Pleurogynem
1073 594 1209 657 asoar-

144 682 213 739 tias.
259 681 307 740 Ex
325 679 374 738 his
393 679 425 738 in
442 682 581 741 Caucaso
602 693 752 765 crescunt
775 686 814 744 13
832 679 973 758 specics,
1003 679 1208 761 Swertiape-

143 765 251 824 rennis
269 780 302 827 et
316 773 356 832 12
370 767 554 837 Gentianae,
578 786 709 848 quarum
730 788 790 825 una
813 769 951 826 Caucaso
969 765 1108 850 propria,
1133 787 1208 849 qua·
1305 764 1307 768 ’

115 869 215 914 ··tuor
231 871 310 913 vero
326 875 364 915 ex
382 855 513 935 Alpibus
531 856 649 928 exules,
671 866 702 912 at
716 873 786 912 com
802 853 933 913 Altaieis
950 852 1111 913 montibus
1125 873 1210 914 com-

143 960 252 999 munes
279 956 367 1019 sunt3
394 941 587 1023 Hungaricis
607 939 728 1022 alpibus
750 940 882 1000 Suettia
908 953 1054 1020 punctata
1076 941 1208 1022 propria

143 1040 208 1105 est3
233 1028 407 1088 Gentianae
420 1027 609 1110 pyrenaioae
630 1040 678 1088 est
695 1028 871 1107 interrupta
894 1028 1038 1087 extensio
1058 1047 1118 1108 per
1132 1030 1210 1088 Cau·-

143 1135 265 1185 oasum‚
297 1117 512 1199 Hungariam,
537 1128 568 1175 ct
584 1118 783 1197 Pyrenaeos3
817 1115 1006 1175 Germaniae
1021 1113 1108 1193 alpes
1123 1115 1210 1175 inba.

143 1203 241 1262 bitant
255 1216 287 1261 et
303 1203 469 1264 Helvetiae
485 1211 526 1269 25
547 1203 681 1283 specics,
706 1209 746 1266 ‘21
759 1203 943 1271 Gentianae,
972 1201 1207 1282 lPleurogyne‚

144 1301 160 1355 1
181 1290 313 1351 Swertia
333 1303 364 1349 ct
379 1290 594 1371 Mcnyantbes‚
620 1288 784 1372 exquibus
806 1297 824 1356 5
847 1291 1019 1351 Gentianae
1038 1309 1076 1348 cx
1092 1287 1209 1348 ceteris

141 1377 263 1458 alpibus
281 1378 388 1438 exules
407 1391 488 1448 sunt,
514 1379 551 1438 G.
568 1390 724 1458 prostrata
740 1398 818 1440 vero
837 1399 907 1437 cum
927 1378 1029 1458 plagis
1044 1375 1210 1454 polaribus

142 1464 316 1524 communis
343 1478 409 1542 est3
439 1465 563 1546 alpibus
585 1463 705 1544 gallicis
722 1464 807 1525 nulla
827 1464 952 1546 specics
973 1462 1124 1542 propria3
1154 1465 1212 1542 Py·

142 1551 266 1612 renaeis
283 1552 321 1613 G.
340 1552 480 1612 Burseni.
525 1555 559 1611 ln
584 1550 663 1611 llora
683 1551 786 1631 alpina
807 1567 961 1610 terrarum
982 1550 1083 1629 magis
1100 1550 1212 1608 borea-

141 1640 216 1698 lium
238 1639 432 1699 Gentiancac
448 1639 548 1699 multo
567 1638 670 1696 rarius
690 1639 804 1697 obviae
823 1649 910 1696 sunt:
941 1650 975 1695 ut
991 1635 1052 1716 jam
1074 1634 1114 1694 de
1130 1633 1210 1694 {lora

142 1726 261 1786 scotica
280 1739 313 1785 et
332 1725 497 1806 lapponica
515 1723 687 1784 indicatum
704 1737 761 1782 est.
807 1727 841 1782 ln
853 1721 932 1782 llora
949 1723 1121 1781 insularum
1137 1723 1211 1782 Far-

141 1833 199 1872 oer
218 1812 310 1892 plane
329 1811 442 1872 deesse
464 1811 628 1870 dicuntur:
653 1823 755 1869 tamen
774 1831 812 1870 ex
827 1808 960 1870 lslantlia
981 1816 999 1875 5
1017 1809 1142 1888 species
1154 1829 1211 1868 no-

142 1913 192 1958 tae
217 1912 288 1957 sunt
315 1897 435 1980 cacque
461 1917 521 1976 per
551 1917 677 1956 omnem
705 1894 816 1956 {loram
844 1897 990 1956 areticam
1021 1896 1208 1978 divulgatae.

143 1983 344 2065 Lapponicae
368 1997 435 2044 tres
456 2004 533 2043 vero
547 1998 629 2044 sunt
653 1985 691 2044 G.
715 1985 844 2053 nivalis,
875 1984 989 2043 tenella
1010 1999 1042 2042 et:
1062 1986 1210 2063 Menyan-

143 2071 230 2145 thes,
253 2090 363 2129 omnes
379 2070 472 2131 etiam
494 2076 527 2128 in
544 2071 668 2151 alpibus
682 2071 811 2132 obviae:
836 2093 907 2132 nam
923 2083 1049 2130 ceterae
1065 2065 1210 2153 lapponi·

143 2179 198 2218 cac
215 2156 253 2215 ad
270 2155 381 2218 lloram
400 2159 583 2239 Lapponiae
597 2153 709 2239 planae
724 2161 895 2239 pertinent.
922 2171 924 2178 '

228 2246 300 2304 Hoc
314 2245 438 2304 schema
448 2243 640 2326 quarundam
654 2246 898 2309 Gentiancarum
913 2244 1098 2324 alpinarum,
1117 2265 1208 2324 cluam

140 2353 199 2414 per
219 2332 366 2414 regiones
382 2331 600 2392 extensionem
614 2331 758 2406 habeant,
781 2333 945 2394 ostendet:
1260 2328 1268 2344 ⁴

117 2427 121 2434 ⁴
144 2421 176 2496 1)
200 2419 248 2478 Ex
261 2418 462 2501 inseralpinis
480 2418 519 2477 ad
534 2419 700 2478 torminum
716 2419 834 2479 Piceae‘
848 2421 1021 2483 ascendunt
1035 2418 1215 2498 i-ltiOO'l

184 2507 337 2567 Gentiana
353 2508 446 2576 lutea,
472 2507 615 2566 Cruciata
633 2519 664 2564 et
678 2508 894 2586 Menyantbes.

122 2595 175 2671 fl)
199 2595 246 2653 Ex
263 2593 465 2675 Inferalpinis
492 2593 527 2652 ad
550 2592 717 2652 terminum
736 2591 859 2652 Abietis
883 2629 925 2641 --
951 2597 1014 2672 (—'
1030 2593 1149 2672 5500')
1170 2596 1209 2656 G.

184 2679 296 2750 cibata,
320 2681 502 2750 utriculosa‚
527 2679 734 2760 asclepiadea,
759 2681 895 2762 paullum
916 2697 1066 2764 superant
1084 2686 1121 2745 G.
1139 2703 1210 2765 ger-

186 2771 303 2827 manica
322 2782 354 2828 et
372 2768 514 2829 Swertia.

140 2856 247 2932 3).Ex
277 2855 479 2937 inferalpinis
518 2853 556 2912 ati
585 2853 673 2914 nives
699 2874 855 2935 perennes
893 2855 1029 2934 (8400')
1067 2856 1209 2918 ascendit

184 2944 221 3003 G.
237 2943 432 3022 campestris,
458 2961 573 3022 easque
589 2959 718 3020 superat
734 2944 772 3003 G.
788 2962 895 3002 verna.

140 3032 174 3106 4)
199 3031 226 3087 A
247 3027 381 3086 termino
401 3027 466 3108 fagi
486 3025 609 3105 (4000')
630 3027 668 3086 ad
689 3031 859 3090 terminum
880 3031 1005 3088 Abietis
1031 3030 1049 3088 l.
1068 3030 1205 3111 paullum

181 3116 266 3173 oltra
284 3111 406 3191 (6000')
424 3112 565 3173 habitant
590 3117 683 3175 Gent.
710 3122 873 3198 punctata,
906 3117 1079 3198 pannonica
1103 3129 1135 3175 et
1152 3137 1207 3197 py-
1293 3119 1295 3122 ’

186 3219 322 3260 renasca.

141 3290 175 3362 5)
202 3291 226 3346 Α
246 3285 382 3346 termino
404 3285 469 3368 sagi
490 3306 548 3367 per
568 3287 733 3368 regionem
761 3289 884 3349 Abictis
904 3303 937 3349 ct
955 3309 1144 3370 pascuorum
1164 3289 1207 3348 al-

184 3374 342 3453 pinorum,
367 3373 459 3433 ctiam
476 3375 619 3455 regionis
636 3373 808 3439 subnivalis
821 3390 945 3458 partem
958 3378 1016 3452 (-
1029 3372 1137 3450 7500')
1155 3374 1207 3435 ba-

185 3461 283 3521 bilant
303 3464 341 3522 G.
363 3463 538 3543 purpurea,
580 3461 739 3542 bavariam
777 3465 868 3523 altius
892 3463 1033 3524 ascendit
1060 3462 1206 3523 limitem·

185 3569 246 3632 quc
267 3548 401 3607 nivalem
415 3564 542 3630 superat
559 3551 597 3608 G.
614 3551 741 3611 aeaulis.

141 3637 176 3712 6)
201 3635 224 3692 Δ
241 3635 376 3696 termino
393 3635 518 3696 Abietis
534 3635 645 3717 incipit
663 3637 776 3719 vigere
796 3658 831 3698 ao
847 3659 948 3720 usque
963 3635 1001 3696 ad
1015 3635 1144 3701 limitem
1159 3636 1206 3695 ni-

184 3722 284 3781 valem
300 3722 472 3783 ascendunt
487 3723 524 3782 G.
543 3723 665 3793 nivalis,
688 3723 806 3807 frigida
821 3738 852 3784 et
869 3723 992 3796 tenella,
1017 3745 1096 3808 quac
1113 3724 1206 3784 etiam

184 3809 274 3869 altius
293 3808 431 3869 obvenit.

570 3918 777 3928 -.-—--

227 3982 471 4044 Gentianearum
497 3982 596 4045 llorae
618 3985 740 4068 alpinae
762 3987 947 4068 Europaeae
966 4001 996 4047 et
1018 3985 1203 4047 Caucasicae

143 4069 322 4149 1‘2·spccics
346 4083 463 4130 tantum
489 4071 637 4152 propriae
658 4087 746 4135 sunt:
776 4096 846 4135 nam
864 4074 895 4132 in
919 4072 1064 4153 planities
1088 4073 1108 4130 l.
1132 4074 1203 4134 loca

141 4156 327 4252 ioscralpina
352 4157 548 4221 descendunt
567 4158 704 4257 ideoque
725 4183 795 4230 curn
815 4158 892 4228 llora
915 4162 1061 4250 Europae
1080 4160 1202 4245 mediae

1083 4368 1098 4394 ἱ
1143 4384 1147 4392 .
