2664 4746
396 299 405 309 “
489 282 601 348 Patria
626 283 879 348 Gentianearum.
1008 368 1011 372 Δ
1169 295 1211 358 33

150 445 313 508 lsotherae
331 465 421 528 quam
446 444 645 505 exactissime
667 458 786 508 tantum
812 444 845 507 iit
862 445 1055 508 lsothiarmac
1068 469 1113 503 =
1127 450 1160 514 9⁰
1177 451 1211 509 C.

151 534 243 595 zonis
269 533 454 612 Europaeis.
507 535 614 617 ltaque
633 546 668 592 ut
685 532 825 594 rationes
848 532 962 594 caloris
984 533 1214 616 phytogeogra-

151 620 266 701 phicae
288 620 461 681 accuratius
482 619 752 693 determinentur,
788 639 917 680 necesse
943 635 991 681 est
1021 623 1053 681 in
1082 623 1217 682 istorum

151 707 305 767 mensium
328 721 572 787 temperaturam
595 707 729 768 mediam
752 707 933 792 inquirere,
969 728 1026 790 per
1049 730 1128 791 quos
1152 709 1216 769 vita

149 794 337 876 vegetabilis
352 793 466 882 laetius
481 794 598 874 vigeat:
622 794 675 856 tali
691 795 786 857 modo
800 797 902 856 lineae
917 795 1151 877 phytoisoth
1162 816 1219 854 er.

150 884 277 943 micae
302 898 333 944 et
358 881 543 941 lsothermis
563 896 595 942 et
617 883 768 944 {sotheris
786 877 999 944 accuratiores
1024 885 1217 944 constituan-

150 985 203 1030 tur
217 990 298 1049 opus
314 981 370 1029 est.
424 968 519 1049 Cujus
539 989 616 1031 vcro
637 971 745 1052 operis
765 985 798 1031 ut
824 971 990 1053 perspicua
1013 987 1061 1030 est
1082 971 1217 1038 theoria,

151 1053 356 1116 itadillicilis
372 1071 421 1118 est
437 1057 621 1138 applicatio:
647 1058 721 1118 vitia
739 1059 833 1130 enim,
858 1057 971 1142 quibus
991 1056 1156 1117 methodus
1176 1058 1215 1118 cl.

154 1143 301 1204 Adansou
324 1164 363 1203 cx
382 1145 479 1205 simili
501 1145 622 1204 ratione
643 1146 804 1226 proposita
822 1145 994 1225 premitur,
1024 1143 1108 1203 haud
1127 1143 1218 1202 facile

153 1231 264 1292 evitari
286 1244 436 1312 possunt:
468 1245 571 1291 tamen
596 1232 731 1312 primum
757 1252 795 1290 ex
818 1232 992 1312 plantarum
1014 1252 1184 1291 annuarum
1203 1252 1219 1287 a

153 1319 384 1400 germinatione
407 1318 568 1402 usquead
593 1320 710 1379 fructus
735 1323 973 1382 numerationem
996 1331 1122 1400 peracta
1145 1331 1223 1376 tent-

121 1440 125 1446 ,
154 1427 243 1488 pore,
269 1407 331 1464 tum
348 1426 386 1464 ex
400 1405 567 1465 arboribus
584 1426 622 1467 ex
637 1407 723 1467 succi
739 1407 827 1465 verni
842 1406 1042 1466 ascendentis
1059 1406 1222 1466 soliorum.

154 1515 216 1577 que
240 1492 364 1552 demum
393 1495 497 1576 lapsus
525 1509 669 1575 tempore
697 1493 828 1551 medio
856 1495 930 1553 satis
951 1507 1060 1552 exacte
1084 1491 1221 1574 vigentis

153 1579 236 1660 apud
252 1601 309 1640 nos
322 1582 532 1663 vegetationis
550 1581 701 1661 periodus
717 1577 844 1638 definiri
859 1598 954 1659 posse
974 1578 1109 1639 videtur.
1134 1579 1223 1669 Quae

153 1668 185 1727 in
207 1682 369 1749 posterum
389 1669 563 1728 accuratius
590 1666 807 1746 investiganda
835 1666 876 1724 oh
901 1668 1053 1725 bonarum
1075 1665 1223 1724 observa-

153 1756 273 1814 tionum
296 1753 435 1834 inopiam
456 1753 517 1812 hoc
542 1755 613 1812 loco
643 1775 705 1811 non
731 1772 898 1832 possumus
922 1751 997 1834 quin
1017 1753 1222 1832 negligamus,

154 1841 377 1919 lsotherasque
397 1841 427 1896 in
450 1839 567 1899 nostris
590 1841 687 1898 terris
706 1836 888 1898 lsothermis
904 1838 1059 1899 rectiores
1077 1836 1222 1897 adhiberi

156 1927 313 2006 cogimur.
360 1925 484 2013 Quibus
507 1923 579 1982 dein
602 1946 740 1984 summus
762 1925 848 1984 calor
869 1946 1085 2009 summumque
1107 1925 1220 2003 frigus,

157 2027 192 2071 ut
213 2013 345 2081 limites,
378 2011 493 2092 quibus
514 2007 612 2071 llorae
638 2011 790 2095 cujusque
810 2013 1000 2094 vegetabilis
1025 2010 1223 2072 circumscri-

156 2100 294 2169 buntur,
318 2097 481 2160 accedunt.
526 2099 592 2158 Jam
609 2120 684 2158 vero
706 2099 844 2179 ingenue
861 2100 1039 2171 fatendum,
1064 2099 1222 2160 lsotheras

158 2188 190 2246 in
210 2183 287 2245 flora
305 2183 551 2265 arctico-alpina,
566 2185 620 2244 ubi
635 2186 698 2246 vita
713 2187 900 2268 vegetabilis
916 2203 1050 2271 quatuor
1067 2188 1120 2247 vix
1136 2207 1223 2244 men-

159 2274 246 2332 sibus
262 2272 452 2339 absolvitur,
484 2271 584 2331 multu
599 2273 701 2331 tatinus
715 2274 841 2343 valere,
866 2297 954 2357 quarn
972 2273 1053 2354 apud
1069 2293 1143 2332 nos:
1169 2294 1222 2332 eo-

157 2360 293 2442 demque
313 2359 405 2419 modo
426 2359 549 2418 illarum
570 2360 728 2433 valorem,
760 2383 822 2442 quio
842 2362 940 2439 magis
954 2382 1064 2419 vorsus
1080 2361 1222 2439 tropicos

157 2445 325 2527 procedas,
349 2444 490 2505 diminui.
528 2449 636 2527 ltaque
651 2468 710 2527 pro
729 2444 808 2505 llora
827 2447 929 2526 alpina
946 2467 983 2504 ex
999 2447 1223 2508 oliservatione
1245 2475 1257 2484 ·>

124 2559 132 2575 ·
158 2536 196 2594 cl.
214 2533 356 2592 Rumontl
380 2534 467 2609 (Etac
485 2532 525 2591 tle
548 2532 728 2618 vegetation
752 2533 794 2592 clu
814 2533 871 2590 Pie
892 2531 933 2590 du
947 2531 1041 2610 illidi)
1057 2534 1144 2593 calor
1160 2528 1238 2590 mess¹

158 2621 229 2680 dius
249 2621 404 2678 mensium
433 2620 497 2680 Juli
524 2657 566 2669 --
592 2619 782 2701 September
807 2617 1018 2678 allinittentlns
1042 2635 1139 2681 esset:
1169 2620 1224 2703 qui

159 2714 213 2775 10⁰
228 2711 261 2768 C.
283 2703 398 2779 efficit,
422 2705 507 2790 quod
523 2706 602 2766 mire
619 2727 689 2766 cum
705 2709 811 2768 calore
827 2706 934 2766 medio
949 2699 1150 2767 Ehonteltisii
1164 2727 1224 2787 per

159 2794 288 2855 eosdem
313 2814 438 2853 menses
458 2793 682 2855 observato:
699 2801 781 2867 10⁰,5
802 2797 834 2856 C.
853 2787 1019 2875 congruit3
1050 2816 1149 2875 porro
1163 2815 1223 2874 pro

159 2880 238 2943 ssora
255 2881 487 2941 mediterranea
506 2882 594 2941 calor
610 2882 763 2942 mensium
785 2881 879 2941 Febr.
899 2885 1032 2942 -Non
1048 2897 1109 2943 ctc.
1161 2883 1224 2943 Vc-

158 2992 227 3028 rum
248 2967 337 3028 initia
354 2989 386 3029 et
408 2965 487 3026 lanes
509 2968 718 3049 vegetationis
739 2969 856 3052 ubique
879 2969 1056 3029 accuratius
1076 2969 1225 3030 determi-

159 3058 237 3129 nari,
262 3055 409 3135 inprimis
425 3072 507 3127 nunc
523 3055 554 3113 iu
570 3055 758 3117 desideratis
775 3069 832 3116 est.

246 3143 336 3202 Aliae
359 3140 499 3204 rationes
524 3141 555 3199 in
586 3144 718 3224 tropicis
746 3137 874 3204 valenti
903 3142 963 3203 etsi
990 3143 1105 3205 caloris
1123 3143 1227 3204 incre-

161 3245 298 3291 mentum
315 3228 384 3289 scre
401 3227 512 3289 codem
530 3227 623 3289 modo
638 3229 684 3288 ihi
700 3229 865 3292 inllucrem
879 3250 915 3290 ac
929 3245 1072 3292 nostrum
1088 3230 1224 3291 hiemem

160 3319 242 3390 iuste
261 3330 460 3388 monuerunt,
485 3330 587 3376 tamen
603 3316 739 3398 primum
757 3338 894 3378 summus
911 3320 998 3380 calor
1017 3319 1081 3379 his
1101 3307 1229 3401 quoque'

160 3428 243 3466 anno
261 3405 413 3477 sentitur,
446 3417 512 3463 tum
528 3424 636 3484 magna
652 3406 828 3487 plantarum
844 3407 1036 3487 tropicarum
1056 3427 1129 3486 pars
1146 3425 1228 3463 scm-

109 3536 131 3563 ,-
160 3494 287 3575 piterne
310 3493 395 3576 viget
419 3491 492 3569 (nec
517 3508 664 3575 quantum
690 3494 756 3554 scio
778 3492 959 3554 subitaneus
983 3495 1068 3555 succi
1089 3491 1227 3552 vernalis

160 3600 311 3641 ascensus
326 3579 592 3657 ibiobservatur)‚
609 3575 724 3641 deinde
742 3581 856 3641 caloris
873 3578 1074 3641 differentiae
1091 3580 1227 3640 minutae

162 3682 250 3739 sunt,
275 3666 429 3748 denique,
454 3664 539 3748 quod
554 3669 707 3748 temporis
722 3669 799 3729 sicci
817 3683 848 3727 ct
862 3668 1007 3749 pluvialis
1024 3669 1227 3749 oppositione

163 3753 288 3817 abunde
304 3752 466 3834 probatur,
490 3749 584 3835 vigor
602 3756 798 3835 vegetativos
814 3754 858 3814 ibi
879 3755 977 3836 magis
993 3775 1031 3814 cx
1045 3752 1148 3817 ventis
1172 3773 1228 3812 seu
1306 3829 1309 3833 q

160 3840 358 3904 humiditatis
372 3839 556 3901 conditione
574 3861 664 3924 quam
678 3862 718 3901 ex
736 3842 843 3902 calore
860 3842 990 3923 pendet.
1041 3845 1149 3925 ltaque
1165 3845 1228 3901 Iso-

163 3931 285 3992 therma
306 3929 339 3988 in
360 3928 494 4008 tropicis
517 3948 627 3988 omnes
649 3928 777 4012 quidem
800 3929 970 3990 thermicas
992 3931 1132 3990 rationes
1152 3927 1228 4008 phy-

163 4010 587 4099 togeographicasexhibet:
619 4035 728 4076 verum
757 4017 787 4077 in
813 4015 879 4090 his,
910 4017 995 4100 quod
1016 4017 1108 4076 etiam
1129 4019 1227 4095 parvi)

162 4104 314 4165 ilorarum
331 4095 617 4163 diversissimarum
636 4101 755 4163 ambitu
771 4103 927 4188 simulque
943 4105 1058 4165 caloris
1079 4102 1228 4166 distribu-

163 4195 251 4258 tione
268 4189 390 4272 aequali
406 4187 580 4264 indicatur,
609 4187 846 4273 hydrometeori
867 4206 900 4254 et
917 4191 1003 4256 venti
1021 4189 1228 4255 anniversarii

143 4288 145 4296 ⁴
209 4293 350 4361 Gaias-apa,
373 4290 550 4334 centimanum
565 4293 653 4336 Genera
669 4278 809 4348 etbpecies.
1002 4284 1022 4347 3
1112 4340 1115 4351 ,
