2664 4746
544 281 830 372 nummarium.
911 324 915 329 ⁴

361 461 515 525 Tribus
543 464 613 528 Vll.
658 462 1025 548 Menyantbideae,
1140 538 1143 542 ,

241 600 357 665 Char.
386 600 481 664 diff.
523 601 701 667 Aestivatio
726 600 865 667 c'orollae
889 601 1146 687 induplicatiya!
1182 605 1237 668 Se-

153 689 284 754 nucum.
294 690 544 775 integumentum
566 688 692 752 demum
715 686 914 774 epidermide
936 689 1014 753 dura
1036 704 1182 755 tectum.
1195 734 1239 745 -

239 774 350 839 Char.
373 797 444 838 ess.
487 775 730 840 lnssorescentia
752 777 944 863 centrifuga,
969 791 1021 839 aut
1044 779 1237 864 centripeta

100 886 105 897 ·
154 884 331 940 racemosa,
354 878 407 927 aut
423 864 618 937 umbellata,
629 864 797 948 pedicellis
813 879 866 927 aut
880 864 1065 927 axillaribus
1080 880 1140 929 aut
1153 866 1238 930 folio

152 951 318 1036 oppositis.
370 953 446 1013 Flos
468 958 614 1024 amerus,
648 953 720 1014 lusu
741 957 838 1028 6,,7,
861 958 999 1020 8merus.
1052 953 1181 1037 Sepala
1204 955 1237 1016 iu

151 1037 262 1101 tubum
290 1058 442 1101 connexa.
487 1039 614 1102 Corolia
640 1059 701 1123 per
723 1039 962 1101 aestivationem
983 1038 1237 1125 induplicativa,

151 1124 459 1189 infundibuliformis
481 1124 502 1186 1.
525 1139 641 1200 rotata,
667 1126 819 1202 decidua,
847 1145 980 1187 carnosa
1001 1142 1055 1189 aut
1079 1126 1236 1213 fugitiva,

150 1212 337 1296 saepissime
361 1210 497 1273 fimbriis
518 1213 540 1274 l.
562 1212 788 1297 marginalibus
810 1213 840 1274 l.'
855 1212 978 1274 discum
999 1213 1237 1279 obsidentibus

151 1300 173 1362 l.
195 1299 228 1361 in
252 1299 342 1360 disco
365 1300 495 1361 cristam
515 1299 777 1382 longitudinale'm
803 1300 824 1360 l.
848 1319 999 1362 coronam
1025 1302 1252 1365 constituem·

149 1386 237 1449 tibus
253 1383 359 1458 aucta,
382 1386 457 1447 hinc
474 1385 630 1471 glandulis
651 1386 818 1471 epipetalis
839 1387 1000 1449 instructa.
1044 1389 1236 1453 Filumenta

32 1474 35 1479 ’
150 1474 292 1546 linearia,
309 1472 516 1556 complanata,
533 1473 602 1535 basi
619 1475 769 1560 aequalia.
810 1472 972 1536 Antheraa
989 1474 1069 1536 rima
1084 1476 1235 1540 introrsa

151 1559 366 1634 dehiscentes,
388 1559 579 1633 immutatae,
603 1576 740 1647 erectae,
764 1560 937 1644 sagittatos,
961 1562 1077 1623 loculis
1096 1563 1234 1650 oblique

152 1646 405 1710 conniventibus.
451 1646 627 1710 Glandulae
646 1647 844 1733 'hypogynae
868 1648 990 1710 luteae!
1017 1651 1051 1710 in
1076 1652 1235 1714 omnibus

151 1732 337 1806 distinctae,
368 1734 480 1817 petalis
502 1726 679 1819 oppositae.
724 1736 828 1818 stylus
851 1734 1044 1818 persistens,
1074 1737 1097 1798 l.
1121 1739 1235 1802 rarius

150 1836 243 1885 aucto
270 1821 452 1905 pericarpio
481 1823 665 1905 absorptus,
701 1824 846 1908 stigmate
875 1821 985 1885 bilobo
1015 1825 1234 1905 persistente,

150 1908 226 1970 binc
254 1908 391 1971 obscure
418 1908 536 1972 lobato.
576 1909 724 1990 ·Capsula
753 1910 977 1984 unilooularis,
1006 1909 1111 1973 valvis
1144 1913 1234 1976 baud

150 1993 348 2066 introssexis,
376 1994 533 2079 placentis
556 2009 683 2058 suturae
705 1996 834 2059 insertis
856 2011 908 2058 aut
930 2016 1001 2057 cum
1023 1998 1235 2084 endocarpio

150 2083 294 2145 connatis
318 2083 454 2158 (semina
477 2104 516 2144 ex
538 2083 646 2145 nervis
665 2084 780 2165 mediis¹
797 2082 1022 2163 valvularum),
1045 2085 1066 2145 l.
1090 2085 1234 2153 bivalvis

151 2169 252 2234 valvis
282 2167 389 2231 bifidis
417 2170 437 2231 l.
466 2168 585 2230 evalvis
609 2185 640 2231 et
662 2182 728 2230 tum
751 2186 803 2234 aut
823 2172 909 2254 juxta
932 2164 1072 2233 suturam
1096 2173 1234 2238 demum

150 2257 267 2328 scissa,
299 2270 352 2318 aut
378 2256 591 2318 maceratione
619 2270 745 2338 aperta,
777 2258 797 2317 l.
825 2259 897 2319 lusu
923 2256 1090 2320 extribus
1114 2282 1236 2348 carpo·
1320 2272 1324 2280 '

149 2343 266 2429 phyllis
282 2345 465 2427 composita.
512 2342 638 2406 Semina
656 2344 811 2426 placentis
827 2345 987 2420 immersa,
1002 2345 1236 2428 integumento

149 2431 268 2514 juniori
291 2431 428 2514 simplici
451 2429 578 2493 demum
600 2425 898 2513 epidermide'dura
920 2445 1024 2505 tecto,
1054 2432 1236 2502 indefinite

149 2519 172 2581 l.
195 2517 322 2579 demum
345 2518 491 2590 delinita,
523 2519 736 2589 lenticulam,
768 2517 968 2601 epidarmide
990 2534 1043 2583 aut
1063 2519 1156 2588 laevi
1182 2541 1238 2589 aut

149 2605 313 2667 muricata.
363 2603 575 2687 cotyledones
603 2605 622 2665 l.
653 2605 906 2680 semidisoretae,
938 2607 958 2668 l.
987 2606 1021 2669 in
1048 2611 1236 2692 capitulum
1323 2639 1324 2643 ¹

151 2705 321 2777 cannatae,
346 2691 519 2775 embryone
542 2705 608 2753 tum
628 2691 795 2755 subcurvo.
813 2728 857 2741 -
879 2693 1005 2756 Incolae
1020 2693 1184 2776 paludum
1203 2715 1237 2765 et

146 2798 301 2864 aquarum
323 2778 421 2840 totius
444 2778 532 2845 orbis
554 2792 720 2840 terrarum.

238 2864 446 2928 Habitus.
490 2865 646 2928 Rhizoma
679 2885 841 2939 crassum,
877 2865 996 2929 sensim
1026 2871 1236 2951 procedens.

151 2950 315 3014 Foliorum
332 2953 464 3038 vaginae
482 2954 639 3024 alternae,
662 2952 794 3014 laminae
812 2951 886 3016 binc
904 2952 1060 3017 dentatae.
1110 2960 1236 3026 Florus

151 3038 230 3112 albi,
254 3039 348 3112 lutei,
370 3041 596 3112 rubescentes,
621 3038 698 3102 tubo
720 3040 822 3102 brevi.
1110 3038 1116 3050 '

239 3123 340 3188 Obs.
392 3127 540 3209 Separari
572 3127 683 3212 nequit
716 3126 865 3190 tributa
893 3127 1031 3201 familia,
1069 3134 1254 3215 quoniam·

152 3213 283 3277 seminis
315 3211 498 3297 differentia
529 3214 629 3298 magis
662 3212 702 3273 de
736 3214 870 3276 statione
901 3216 933 3276 in
965 3214 1056 3301 aquis
1088 3221 1233 3299 pendet,

151 3302 299 3363 Ceterum
322 3299 522 3362 differentiae
550 3301 748 3384 vegetativae
775 3299 859 3363 baud
887 3323 1035 3386 magnae:
1068 3308 1233 3372 transitus

152 3386 244 3449 datur
265 3407 325 3472 per
349 3389 515 3450 Swertiam
538 3386 577 3449 ad
602 3388 780 3450 Villarsiatn
803 3401 864 3450 etc.
919 3389 1057 3453 Omnino
1081 3394 1233 3471 eundem

150 3475 256 3536 locum
283 3475 317 3534 iu
345 3473 461 3535 familia
489 3473 634 3536 obtinent
655 3474 935 3557 Menyanthideae',
968 3498 1061 3562 quam
1083 3480 1234 3546 Roman.

152 3563 251 3625 aonia
271 3576 303 3623 et
320 3561 474 3645 quaedam
490 3558 596 3622 affinia
609 3581 727 3646 genera
746 3561 1087 3646 in'Scrophularineis:
1113 3567 1237 3658 itaqua

151 3647 230 3711 baec
252 3648 350 3710 altera
366 3647 508 3730 affinitas
532 3663 565 3711 et
587 3650 654 3712 sola
677 3647 757 3709 lere.
1035 3652 1038 3657 '

177 3860 181 3867 ·
215 3832 425 3902 xxxma.
475 3834 668 3901 Vtzzarsia
698 3834 802 3902 Vens.
825 3838 935 3920 (choix
952 3839 983 3902 e.
1000 3843 1044 3924 pt.
1056 3863 1094 3925 p.
1112 3849 1165 3928 a).
1196 3827 1200 3833 '
1232 3810 1235 3817 ’

243 3975 444 4048 (Menyantbes
454 3978 485 4033 L
498 4006 531 4015 -
551 3978 720 4032 Reuealmia
733 3979 832 4032 Houtt.
846 3998 878 4015 ...
898 3976 1022 4035 scruta
1032 3979 1132 4050 Lab).

207 4172 210 4179 ¹
242 4101 355 4168 Char.
379 4120 463 4186 gen.
509 4105 637 4177 Corolia
660 4124 811 4180 carnosa,
833 4101 917 4164 tobis
938 4101 1032 4166 nudis
1055 4124 1108 4173 aut
1135 4114 1231 4177 varie

154 4185 319 4262 fimbriatis
349 4187 577 4276 barbatisque,
605 4192 761 4277 glandulis
791 4190 957 4275 epipetalis
985 4193 1094 4259 nullis.
1150 4201 1232 4279 Pl..
