2664 4746
364 246 537 329 Chomctsr
545 250 705 342 familiae
724 250 888 316 naturalis.
1135 259 1164 325 5,

181 409 286 471 Foru
314 406 602 492 raginantiea,
631 407 819 493 plerumque
847 410 1091 485 marcescentia,
1121 411 1156 475 in

92 495 293 581 paucissimis
319 493 519 579 Lisyantheis
547 494 616 557 basi
642 495 823 575 articulata3
856 497 978 559 sessilis
1003 499 1024 560 l.
1052 498 1164 569 rarius¹

93 584 262 667 petiolata3
286 583 455 665 saepius
477 582 826 667 palmatinsrvia3
851 583 1077 667 simplicia,
1100 586 1156 646 in.
1182 658 1184 662 Ι
1270 598 1273 601 ·

94 686 229 756 tegra,
253 670 285 731 iu
308 669 532 752 hleoyanthide
553 670 595 732 ad
617 671 707 734 basin
728 670 874 748 triseeta;
898 671 919 731 l.
941 672 1155 756 integerrima,

93 760 114 822 l.
143 758 201 821 suh
228 755 317 819 lente
346 757 515 833 serrulota,
545 759 566 819 1.
594 759 627 820 in
656 757 908 842 Menyanthideis
936 780 1157 847 nonnunquam

93 859 237 923 crenata3
270 845 550 927 exstipulata3
583 847 796 929 opposita,
827 846 929 907 rarius
960 846 1156 925 verticillats,

13 985 16 994 .
90 932 220 1018 paribus
238 953 322 995 nuno
341 930 531 1011 decussatis,
555 953 693 994 nunc-ex
708 933 952 996 indeterminata
965 934 1037 1016 lege
1052 935 1155 1008 tortis,

91 1022 195 1096 rarius
213 1018 358 1083 bifariam
376 1018 506 1101 positis,
531 1021 564 1080 in
582 1020 847 1103 Menyanthideis,
872 1022 1006 1084 Swertia
1025 1035 1056 1082 et
1074 1025 1156 1086 Cen-

47 1158 52 1164 ,
89 1108 221 1172 taurella
251 1107 342 1178 hine,
373 1107 545 1191 praecipue
573 1108 743 1184 inferiora,
774 1109 912 1189 alterna3
941 1110 1004 1170 ima
1031 1111 1155 1192 saepius

90 1197 224 1281 majora,
256 1195 354 1278 magis
377 1194 536 1270 conferta,
564 1193 686 1257 lloralia
709 1195 842 1271 minuta,
868 1197 1029 1260 rarissime
1052 1198 1155 1264 omnia

91 1285 124 1346 in
152 1283 330 1368 squamulae
358 1281 501 1344 reducta.
547 1282 722 1345 Glandulae
745 1283 924 1368 epiphyllae
946 1286 979 1345 in
1003 1285 1158 1346 Gentiana

33 1413 36 1422 ·
91 1392 260 1456 squarrosa
280 1383 313 1433 et
333 1369 583 1433 Limnanthemis
602 1371 765 1457 plerisque
784 1369 908 1432 demum
928 1373 960 1434 in
980 1372 1157 1456 squamulas

90 1472 332 1536 transmutatae3
362 1457 528 1520 viscositas
551 1458 722 1522 Chironiae
746 1459 897 1520 sectionis
921 1473 953 1522 et
973 1458 1096 1521 lxanthi
1118 1478 1157 1521 an

90 1569 148 1631 per
159 1547 261 1610 totius
277 1545 485 1626 epidermidis
505 1546 718 1607 secretionem
735 1544 911 1627 producta?
933 1559 1048 1629 puncta
1065 1544 1158 1606 solio-

91 1657 159 1697 rum
179 1634 349 1697 Chironiae
368 1633 592 1716 peduncularis
613 1653 654 1694 ex
673 1652 735 1715 quo
755 1653 874 1714 organo
893 1630 1052 1712 pendent?

176 1725 250 1785 Pru
273 1721 480 1782 rarissime
503 1719 632 1790 obvii,
657 1720 810 1779 Fraserae
832 1718 978 1778 albicauli
1000 1717 1158 1783 characte-

89 1809 201 1881 ristici,
222 1808 293 1868 lusu
308 1807 385 1867 hinc
404 1820 600 1877 enascentes,
621 1802 804 1886 lymphatici
821 1805 979 1887 simplices
996 1806 1029 1865 in
1045 1807 1155 1888 Cyanis

89 1895 288 1957 Americanis
309 1891 495 1975 quibusdam
515 1891 586 1952 fere
606 1892 720 1974 typici,
744 1891 798 1952 ubi
817 1891 930 1953 adsunt
949 1892 1156 1977 rigidiusculi,

91 1984 125 2043 in
143 1980 272 2062 organis
289 1976 525 2060 reproductivis
542 1999 632 2062 quam
653 1978 685 2038 in
706 1980 892 2060 vegetativis
910 1980 1155 2064 frequentiores.

180 2068 302 2129 Succos
325 2085 497 2149 aqueus,
524 2065 687 2126 resinosus
710 2066 742 2125 in
767 2066 903 2143 Tachia3
931 2068 1050 2134 lacteus
1073 2068 1156 2131 haull

94 2154 216 2217 obvius.
262 2151 538 2215 siaoa'omnibus
562 2152 634 2235 plus
661 2154 763 2213 minus
786 2174 925 2230 amarus,
956 2175 975 2216 o
997 2155 1155 2238 principio

90 2241 234 2325 proprio,
260 2238 460 2311 Gentiauino,
484 2236 559 2312 lixo,
582 2237 797 2312 indifferenti,
820 2240 853 2300 in
872 2263 950 2325 aqua
969 2241 1053 2303 haud
1073 2244 1156 2305 solu.

90 2328 166 2401 bili,
197 2326 256 2389 toti
287 2339 321 2387 ut
349 2324 478 2391 videtur
505 2325 645 2387 familiae
673 2328 834 2389 essentiali
861 2328 1015 2411 pendens.
1061 2329 1156 2395 Onon

89 2415 209 2492 nullus,
234 2433 293 2476 nec
316 2413 380 2476 olei
403 2411 546 2475 aetherei
569 2415 707 2476 secretio
729 2415 905 2480 observata.

521 2604 730 2616 *-

267 2664 567 2809 Fragmenta
594 2722 978 2812 morphologlcu.

171 2869 266 2967 Ques
292 2880 466 2952 sequuntur
490 2864 731 2930 observationes
760 2870 823 2931 alio
848 2870 921 2934 loco
948 2871 1080 2955 amplius
1104 2895 1157 2939 ex.

88 2956 288 3042 ponendae„
312 2974 497 3039 quamquam
530 2952 693 3023 brevitas.
709 2960 711 2965 ⁴
728 2956 913 3020 Gentianeis
943 2959 1155 3039 concedenda,

89 3046 215 3121 abnuit,
244 3044 301 3104 has
329 3057 434 3103 tamen
461 3038 500 3101 ad
529 3039 750 3104 illustrandum
779 3044 915 3106 familiae
942 3047 1157 3114 characterem

88 3127 401 3213 introducendssque
430 3124 599 3189 affinitates
624 3150 689 3191 non
711 3133 802 3211 potui
825 3133 900 3217 quin
923 3134 1085 3218 adjiciam,
1115 3160 1156 3201 ne

73 3220 183 3283 'notas
201 3216 370 3304 quaedam,
394 3235 471 3299 quas
488 3213 522 3273 in
540 3212 763 3281 dissertatione
781 3219 824 3280 de
838 3219 975 3286 familiae
993 3223 1156 3309 morphosi

88 3327 271 3392 proponere
300 3325 393 3368 ausus
422 3321 527 3373 eram,
558 3321 642 3363 nunc
670 3317 772 3367 antem
800 3308 952 3382 sustinui,
984 3313 1036 3375 vel
1057 3335 1160 3378 novas.

88 3394 215 3469 addidi,
240 3392 328 3458 omni
349 3389 472 3457 ratione
494 3386 663 3452 destitutas
687 3410 758 3454 esse
779 3393 957 3460 rideantur.

312 3611 316 3620 ·
359 3573 387 3643 1.
441 3570 505 3661 De
531 3568 654 3645 nodo
683 3570 883 3655 caulino.

177 3729 248 3824 Quo
281 3723 421 3789 familiae
454 3721 613 3785 nodorum
648 3723 772 3790 indoles
805 3729 925 3792 melius
950 3730 1155 3817 intelligatur,

88 3816 241 3881 librarum
264 3834 324 3898 per
347 3809 528 3914 internodia
552 3811 727 3962 Geptianap
743 3814 856 3920 luteae·
866 3822 901 3879 L
920 3817 1087 3970 decursum
1106 3842 1158 3887 ex·

89 3906 608 4062 mmltffiprffiffi
628 3921 677 4050 {3¹2¹
692 3916 1157 4063 cahih'iiiicsieiamfiidii

91 4081 223 4167 ejusque
237 4097 393 4164 gemmam
404 4074 567 4139 axillarem
580 4089 757 4144 transeunt:
769 4080 804 4141 in
816 4096 929 4147 trunco
942 4104 1020 4147 vero
1031 4084 1156 4172 lignosa

89 4167 335 4253 dicotylsdonso
354 4183 416 4230 nec
434 4164 514 4230 nodi
534 4177 606 4231 sunt
621 4182 683 4232 nse
702 4189 845 4255 gemmae
862 4171 972 4236 eadem
991 4187 1040 4239 est
1053 4175 1156 4262 origo.
